1771 2981
788 186 1030 222 „34-

286 273 456 310 Fortasse
484 275 821 310 commemoratione
853 274 1001 321 dignum
1033 277 1088 311 est
1120 276 1316 321 particulae
1341 289 1392 318 ως
1416 287 1495 311 cum
1520 275 1628 322 parti-

187 332 281 379 cipio
299 334 343 369 ad
360 334 662 380 comparationem
679 334 944 379 exprimendam
962 336 1188 369 constructae
1201 334 1396 371 Homerum
1413 333 1627 382 particulam

187 393 221 426 εί
245 405 384 439 semper
409 384 498 428 fer‘c?
509 392 652 428 addere:
698 391 770 428 cfr.
792 391 924 439 Lange,
950 391 1094 428 Homer.
1121 392 1320 439 Gebrauch,
1345 404 1426 440 pag.
1442 393 1524 429 240.

285 451 323 498 α)
350 450 582 497 Participium
610 451 652 485 ad
680 451 878 486 sententiae
903 451 1097 497 primariae
1123 451 1322 487 subiectum
1345 453 1490 498 spectat.

289 509 315 552 I,
330 509 386 545 59.
407 506 519 554 ἤλασε
541 509 577 551 ἐς
592 506 660 555 τὴν
677 506 817 555 ἀγορὴν
833 506 874 545 τὸ
897 510 1023 554 ζεῦγος
1039 506 1088 551 ὡς
1109 507 1339 555 ἐκπεφευγὼς
1358 508 1445 552 τοὺς
1461 507 1627 556 ἐχθρούς.

284 568 513 603 Pisistratum
540 581 576 603 re
603 580 687 604 vera
713 580 755 603 ex
781 568 939 604 hostium
962 568 1126 603 manibus
1152 580 1225 603 non
1247 569 1411 614 elapsum
1433 581 1520 614 esse,
1546 580 1626 614 par-

185 626 310 672 ticipio
341 639 414 662 non
445 626 634 671 indicatur,
670 626 902 662 sed-tantum
935 638 976 661 ex
1009 628 1175 661 contextu
1210 626 1402 673 colligitur.
1454 625 1627 661 Similiter

185 686 312 721 ceteris
340 697 481 732 quoque
507 686 596 721 locis
618 686 687 721 huc
708 685 831 721 relatis
852 697 894 720 ex
917 687 1085 720 contextu
1107 687 1161 720 est
1182 685 1480 732 cognoscendum,
1506 687 1625 720 utrum

187 744 418 790 participium
445 757 520 779 rem
547 757 666 780 veram
695 756 740 779 an
767 744 887 779 fictam
915 743 1133 789 exprimatl).

284 812 311 858 I,
336 813 414 848 140.
440 810 527 847 τάδε
554 811 678 858 μέντοι
705 808 755 854 ὥς
780 810 1013 858 κρυπτόμενα
1040 811 1187 857 λέγεται.

282 880 328 925 ΙΙ,
351 882 419 916 121
429 882 461 916 δ.
493 877 562 926 τὴν
597 879 763 927 κεφαλήν
799 894 863 926 μιν
898 879 1099 916 κόπτεσθαι
1126 878 1264 926 μεγάλα
1294 882 1440 925 βοῶντα
1476 877 1524 922 ὦς
1560 877 1626 916 οὐκ

185 940 316 985 ἔχοντα
342 937 435 984 πρὸς
461 936 589 975 ὁκοῖον
615 940 689 975 τῶν
717 937 818 975 ὄνων
845 943 993 985 πρῶτον
1019 937 1207 985 τράπηται.

288 998 366 1034 141.
392 996 459 1034 τὸν
485 997 525 1034 έν
546 995 716 1045 ἀλογίῃσι
738 1000 834 1044 ἔχειν
856 998 1189 1045 παραχρησάμενον
1209 999 1284 1034 τῶν
1304 999 1471 1044 μαχίμων
1488 999 1626 1044 Αἰγυπ-
1666 1008 1669 1011 ’

188 1054 278 1092 τίων
304 1053 353 1099 ὥς
380 1054 492 1092 οὐδὲν
519 1055 748 1103 δεησόμενον
774 1054 907 1092 αὐτῶν.
1236 1050 1242 1053 ’

285 1115 449 1151 Heikelio
470 1116 699 1162 participium
719 1116 787 1151 hoc
809 1118 845 1150 et
866 1115 1078 1161 quibusdam
1101 1115 1181 1150 aliis
1204 1116 1292 1150 locis
1313 1127 1401 1161 quos
1422 1115 1491 1151 huc
1512 1115 1627 1151 refero

187 1174 259 1208 vim
286 1174 465 1209 causalem
491 1174 689 1220 exprimere
715 1171 904 1220 videtur2).
941 1172 1009 1208 Sed
1031 1185 1242 1219 unoquoque
1269 1175 1346 1209 loco
1368 1174 1527 1208 omnium
1548 1185 1627 1209 con-

188 1244 313 1268 sensus
340 1232 381 1268 de
408 1233 444 1269 vi
470 1232 650 1279 participii
677 1238 756 1268 non'
776 1235 831 1268 est
856 1232 1126 1278 exspectandus,
1152 1245 1244 1277 nam,
1272 1235 1311 1268 ut
1331 1232 1451 1268 verbis
1471 1232 1627 1268 Heikelii

187 1295 277 1333 utar,
299 1291 396 1327 ‘num
418 1294 515 1327 certa
536 1292 710 1338 quaedam
732 1292 834 1338 ratio,
855 1295 895 1326 ut
921 1291 1085 1336 causalis,
1105 1291 1323 1337 temporalis,
1349 1292 1443 1326 inter
1469 1292 1627 1327 actiones

186 1350 392 1396 intercedat,
409 1350 599 1397 participio
617 1362 687 1385 non
705 1350 927 1396 exprimitur,
944 1350 1004 1385 sed
1022 1351 1099 1385 sola
1114 1351 1329 1396 cogitatione
1350 1348 1627 1397 intellegiturffl).

285 1419 349 1464 ΙΙΙ,
375 1420 405 1455 1.
441 1415 482 1460 ὃς
513 1416 575 1463 ἐμὲ
606 1417 665 1454 σοὶ
696 1416 821 1465 κόσμῳ
854 1415 1016 1464 ἀσκήσας
1048 1415 1233 1464 ἀπέπεμψε
1263 1416 1313 1461 ὥς
1347 1417 1486 1454 ἑωυτοῦ
1511 1422 1627 1464 θυγα-

186 1476 272 1521 τέρα
299 1472 437 1518 διδούς.
537 1502 540 1508 ·
786 1482 806 1494 ·‘
970 1485 974 1489 “
1359 1468 1363 1472 .

287 1544 346 1590 VI,
369 1546 400 1580 1.
426 1543 618 1589 ἐθώυμαζέ
640 1557 678 1580 τε
703 1542 745 1579 τὸ
773 1543 939 1590 γεγονός,
967 1541 1016 1586 ὥς
1042 1541 1153 1580 οὐδὲν
1175 1545 1293 1591 δῆθεν
1318 1546 1392 1581 τῶν
1413 1544 1626 1592 παρεόντων

185 1601 409 1649 πρηγμάτων
436 1601 683 1648 ἐπιστάμενος.
726 1602 820 1637 Eum
844 1605 960 1638 autem
982 1604 1033 1637 rei
1059 1614 1096 1637 re
1117 1615 1201 1638 vera
1226 1615 1296 1638 non
1323 1603 1488 1650 ignarum
1515 1604 1625 1640 fuisse

187 1673 251 1707 per
275 1662 490 1708 particulam
516 1661 635 1707 δῆθεν
662 1661 818 1696 additam
846 1661 1028 1707 premitur.
1070 1660 1140 1697 cfr.
1158 1660 1220 1704 VI,
1237 1661 1300 1708 39;
1328 1661 1426 1706 VIII,
1442 1662 1474 1698 5.

285 1721 341 1755 39.
374 1720 412 1754 οἵ
435 1733 499 1766 μιν
530 1718 590 1755 καὶ
617 1720 657 1755 έν
681 1716 859 1766 Ἀθήνῃσι
886 1718 1032 1754 ἐποίευν
1060 1717 1101 1755 εὖ
1126 1716 1175 1762 ὥς
1201 1717 1247 1756 οὐ
1272 1718 1482 1764 συνειδότες
1508 1722 1625 1768 δῆθεν

185 1780 253 1814 τοῦ
279 1776 415 1825 πατρὸς
443 1780 615 1825 Κίμωνος
641 1775 757 1813 αὐτοῦ
783 1776 850 1813 τὸν
875 1780 1053 1814 θάνατον.

207 1835 209 1839 ,
283 1846 364 1893 VII,
386 1848 442 1882 14.
473 1846 533 1882 καὶ
558 1845 602 1881 τὰ
638 1845 704 1892 ἐμὰ
731 1848 817 1882 ἔπεα
850 1846 889 1881 ἐν
922 1844 1047 1882 οὐδενὶ
1073 1847 1319 1893 ποιησάμενος
1344 1846 1442 1896 λόγῳ
1469 1846 1518 1891 ὥς
1542 1846 1623 1895 παρ’
1661 1851 1663 1853 ’

187 1903 342 1947 οὐδενὸς
368 1901 538 1947 ἀκούσας.

285 1965 367 1999 211.
402 1963 441 1998 οἰ
476 1962 516 1999 δὲ
543 1963 684 2009 Πέρσαι
722 1961 954 2009 ἐκδεξάμενοι
991 1963 1145 2010 ἐπήισαν
1170 1991 1276 2000 .....
1299 1961 1348 2007 ὥς
1379 1963 1425 2011 δὴ
1457 1960 1563 2002 οὗτοί
1585 1979 1626 2012 γε

186 2020 363 2064 εὐπετέως
387 2020 706 2068 κατεργασόμενοι.

284 2090 388 2135 VIII,
420 2091 452 2126 5.
498 2087 716 2137 Εὐρυβιάδῃ
758 2088 901 2125 τούτων
941 2094 1016 2126 τῶν
1056 2089 1250 2137 χρημάτων
1291 2092 1482 2137 μεταδιδοῖ
1519 2092 1626 2129 πέντε

186 2149 345 2186 τάλαντα
371 2147 421 2193 ὦς
446 2147 526 2196 παρ’
556 2149 697 2186 ἑωυτοῦ
724 2150 843 2195 δῆθεν
870 2150 1006 2192 διδούς.

284 2210 342 2246 97.
369 2206 513 2256 ἀρτέετό
539 2222 576 2245 τε
603 2208 639 2251 ές
664 2208 826 2255 πόλεμον
854 2205 902 2251 ὦς
927 2211 1135 2256 ναυμαχίην
1161 2207 1277 2256 ἄλλην
1302 2207 1555 2257 ποιησόμενος.

284 2278 345 2324 ΙΧ,
367 2279 423 2314 60.
453 2277 514 2313 καὶ
541 2271 643 2314 οὗτοι
674 2276 742 2324 μὲν
768 2278 837 2324 βοῇ
865 2291 901 2313 τε
926 2277 985 2314 καὶ
1013 2277 1128 2326 ὁμίλῳ
1162 2276 1317 2324 ἐπήισαν
1343 2276 1392 2321 ὡς
1417 2277 1624 2325 ἀναρπασό-

186 2350 290 2383 μενοι
316 2335 403 2390 τοὺς
418 2334 608 2382 “EI-Annas.

287 2474 315 2510 l)
337 2472 395 2504 cfr.
417 2473 544 2502 Kfihner
564 2474 581 2508 ς
601 2474 668 2502 488.

284 2523 314 2559 2)
336 2521 396 2553 cfr.
419 2522 438 2551 l.
461 2521 480 2551 l.
503 2532 532 2559 p.
550 2524 597 2559 27,
619 2525 665 2558 75,
690 2525 753 2551 118.

286 2572 315 2608 3)
338 2570 417 2599 Vide
439 2570 459 2598 l.
480 2570 501 2599 l.
522 2572 551 2607 p'.
569 2574 595 2600 9.
