1771 2981
167 107 254 131 “k-5»

752 206 895 241 .-.39
948 225 989 230 -.

234 293 281 348 ΊΙ,
302 294 359 330 30.
383 292 451 328 τοῦ
480 293 566 339 βίου
596 287 638 328 εὖ
664 291 807 339 ἥκοντι,
834 290 883 336 ὥς
915 292 958 330 τὰ
985 289 1070 340 παρ’
1098 290 1204 341 ἡμῖν,
1236 293 1384 342 τελευτὴ
1415 296 1483 332 τοῦ
1507 297 1595 342 βίου

158 349 389 398 λαμπροτάτη
416 349 613 396 ἐπεγένετο.

224 446 234 456 ⁸
255 419 354 465 VIII,
373 420 452 456 101.
477 420 590 464 ταῦτα
611 414 771 462 ἀκούσας
786 419 921 468 Ξέρξης
941 418 991 464 ὦς
1006 421 1045 457 ἐκ
1065 422 1189 458 κακῶν
1210 420 1320 469 ἐχάρη
1342 435 1379 459 τε
1399 421 1461 459 καὶ
1481 420 1594 470 ἥσθη.

158 478 292 514 Eadem
321 478 468 522 locutio,
495 475 544 518 ὥς
577 477 616 513 ἐκ
640 479 775 523 κακῶν,
800 481 953 515 occurrit
982 480 1074 526 apud
1103 480 1211 516 Thuc.
1227 481 1315 529 3VlI,
1333 482 1392 527 42,
1417 494 1522 528 quem
1548 481 1593 517 ad

156 537 272 572 locum
298 533 444 570 Classen
470 536 588 571 notat:
618 534 755 571 ‘soweit
786 548 823 584 es
853 537 945 573 nach
976 538 1056 583 dem
1082 538 1269 574 erlittenen
1295 539 1461 586 Unglfick
1492 542 1592 585 mog-

159 595 232 630 lich
257 593 353 629 war’.
638 632 640 635 ,
856 593 862 597 ’
999 596 1017 638 j
1226 603 1229 606 ’

252 651 332 688 Huc
357 652 538 698 pertinent
567 655 638 688 tres
669 653 738 689 loci
770 654 840 693 ubi,
856 648 905 696 ὥς
936 653 1013 690 cum
1043 655 1222 691 infinitivo
1254 653 1349 691 εἶναι
1381 657 1541 703 iungitur
1550 655 1592 702 ¹):

155 712 201 757 II,
219 711 299 748 135.
308 708 421 749 -οῧτω
443 708 490 757 δὴ
511 708 534 756 ἡ
552 708 728 755 Ῥοδῶπις
750 711 998 760 ἐλευθερώθη,
1014 712 1075 749 καὶ
1096 713 1286 760 κατέμεινέ
1302 728 1340 750 τε
1361 715 1400 751 ἐν
1417 713 1592 763 Αἰγύπτῳ

155 768 216 805 καὶ
244 767 360 814 κάρτα
390 767 633 815 ἐπαφρόδιτος
667 771 847 816 γενομένη
883 770 1021 816 μεγάλα
1054 771 1228 817 ἐκτήσατο
1262 772 1427 818 χρήματα
1462 771 1513 814 ὡς
1542 770 1591 808 ἂν

156 825 250 864 εἶναι
270 824 463 873 Ῥοδῶπιν,
489 825 582 874 ἀτὰρ
608 825 677 864 οὐκ
698 825 812 876 ὥςῇγε
838 829 874 871 ἐς
893 828 1280 879 πυραμίδατοιαύτην
1297 821 1490 873 ἐξικέσθαι.
1532 829 1592 866 Sic

154 888 278 932 legunt
307 886 446 921 codices
476 898 609 921 omnes.
665 887 896 923 Coniecturae
927 891 977 923 et.
995 888 1249 933 explicationes
1284 890 1401 925 varias
1430 890 1591 924 invenies

157 944 250 991 apud
271 943 645 992 Schweighaeuserum
666 937 731 980 sub
752 942 803 987 ὡς
823 945 885 981 IV.
921 946 978 994 vel
999 946 1092 991 apud
1113 945 1313 981 Baehrium.
1353 946 1443 982 Mihi
1464 959 1589 983 sensus

154 1004 259 1050 plane
290 999 542 1039 condicionalis
573 1004 755 1049 postulare
795 1004 934 1039 videtur
964 1007 1004 1039 ut
1034 1004 1209 1040 scribatur
1244 1004 1383 1051 μεγάλα
1414 1003 1588 1051 ἐκτήσατο

154 1061 318 1109 χρήματα
344 1059 393 1104 ὡς
418 1059 513 1097 εἶναι
528 1059 720 1107 Ῥοδῶπιν,
746 1060 846 1107 ἀτὰρ.
861 1060 928 1098 οὐκ
949 1060 998 1104 ὥς
1017 1076 1058 1108 γε
1079 1059 1128 1098 ἂν
1148 1063 1185 1105 ἐς
1203 1065 1392 1110 πυραμίδα
1412 1062 1588 1110 τοιαύτην

154 1120 354 1167 ἐξικέσθαι,
385 1133 491 1168 quam
523 1121 711 1163 lectionem
743 1121 870 1156 Latine
901 1120 1060 1156 reddam:
1091 1120 1292 1168 Rhodopis‚
1323 1125 1363 1158 ut
1393 1122 1589 1168 Rhodopis,

153 1192 301 1227 magnas
320 1181 490 1226 pecunias
511 1180 579 1215 sibi
601 1179 803 1226 aequisivit,
821 1182 860 1215 at
879 1191 950 1215 non
971 1181 1091 1215 tantas
1113 1183 1152 1216 ut
1173 1181 1215 1216 ad
1236 1182 1346 1217 talem
1361 1181 1587 1228 ‘pyramidem

154 1238 409 1274 aedificandam
436 1239 667 1274 suffecissent.

249 1305 311 1353 IV,
331 1307 387 1343 81.
413 1306 568 1352 Πλῆθος
593 1304 634 1341 δὲ
658 1303 700 1341 τὸ
728 1305 911 1341 Σκυθέων
937 1304 1003 1341 οὐκ
1029 1301 1108 1348 οἷός
1138 1319 1175 1342 τε
1202 1305 1380 1353 ἐγενόμην
1411 1304 1588 1354 ἀτρεκέως

151 1364 353 1410 πυθέσθαι,
378 1362 471 1401 ἀλλὰ
498 1362 703 1411 διαφόρους
722 1363 857 1411 λόγους
876 1363 964 1408 περὶ
979 1365 1046 1399 τοῦ
1066 1361 1231 1411 ἀριθμοῦ
1257 1363 1407 1411 ἤκουον·
1434 1365 1494 1401 καὶ
1515 1364 1586 1412 γὰρ

121 1464 123 1467 ,
151 1424 264 1471 κάρτα
289 1421 448 1466 πολλοὺς
473 1420 573 1459 εἷναί
595 1432 708 1468 σφεας
733 1420 793 1458 καὶ
819 1421 966 1469 ὀλίγους
992 1419 1043 1465 ὥς
1068 1423 1221 1466 Σκύθας
1246 1421 1350 1459 εἶναι.

248 1482 347 1518 Duas
367 1482 678 1529 interpretationes
699 1483 1000 1517 commentatores
1021 1481 1227 1517 attulerunt.
1269 1481 1342 1517 Alii
1363 1479 1412 1524 ὥς
1431 1480 1586 1525 Σκύθας

151 1538 245 1589 εἶναι
272 1540 316 1576 ad
341 1542 457 1576 totam
483 1540 695 1575 sententiam
721 1539 926 1585 referentes,
950 1542 1178 1586 convertunt,
1206 1539 1250 1575 ‘si
1276 1539 1362 1587 (vel,
1393 1540 1582 1588 quatenus)

150 1600 192 1635 de
214 1612 293 1635 vere
308 1599 501 1635 nominatis
519 1598 663 1645 Scythis
683 1610 787 1645 quae
795 1597 880 1634 ras’
902 1597 980 1643 (cfr.
996 1596 1328 1646 Schweighaeuser)
1350 1597 1435 1634 ‘was
1451 1599 1585 1646 eigent-

150 1657 243 1693 liche
269 1657 431 1704 Scythen
450 1656 552 1703 sind',
584 1657 723 1692 ‘soweit
749 1669 786 1692 es
813 1656 969 1703 Scythen
996 1657 1118 1702 seien'3
1149 1657 1210 1692 alii
1240 1657 1336 1692 illam
1367 1657 1583 1693 locutionem

150 1728 229 1752 cum
251 1710 399 1762 ὀλίγους
420 1716 684 1763 coniungentes,
700 1709 993 1762 interpretantur,
1015 1714 1069 1751 ‘ut
1089 1715 1230 1762 quidem
1251 1713 1426 1762 Scythas',
1449 1714 1503 1752 ‘ut
1522 1715 1583 1762 qui

150 1774 302 1821 Scythae
327 1775 424 1820 sint’,
450 1787 540 1821 quae
565 1774 814 1820 interpretatio
841 1774 929 1809 mihi
951 1775 1072 1810 omnia
1093 1787 1183 1821 quae
1203 1774 1406 1810 Herodotus
1434 1775 1476 1810 de
1497 1774 1583 1821 Sey—

150 1832 223 1868 this
250 1844 443 1880 eorumque
468 1835 565 1868 terra
589 1831 746 1878 narrat2)
773 1831 1006 1877 perpendenti
1032 1833 1148 1878 magis
1173 1833 1298 1879 placet.

193 1942 195 1944 ,
246 1902 346 1946 ΙΙ,·8.
371 1899 412 1938 τὸ
434 1896 486 1937 ὧν
508 1899 554 1947 δὴ
575 1897 646 1936 ἀπὸ
662 1897 940 1943 Ἡλίου-’πόλιος
961 1896 1081 1936 οὐκέτι
1101 1898 1239 1936 πολλὸν
1258 1901 1396 1947 χωρίον
1417 1897 1466 1943 ὡς
1486 1899 1582 1938 εἶναι

149 1959 350 2007 Αἰγύπτου.
391 1959 488 1996 Stein
518 1959 702 2006 convertit,
733 1958 872 1995 ‘soweit
901 1971 939 1994 es
965 1957 1134 2007 (χωρίον)
1164 1972 1206 1994 zu
1231 1950 1400 2005 Kgypten
1431 1959 1582 2006 gehort'.

149 2019 206 2056 Me
231 2022 351 2056 movet
376 2019 543 2067 analogia
563 2018 723 2055 locorum
743 2018 967 2055 laudatorum
994 2020 1034 2054 ut
1058 2019 1178 2065 putem
1200 2016 1582 2065 Schweighaeuserum,

148 2079 204 2115 cui
229 2078 349 2115 Baehr
374 2081 410 2115 et
436 2078 629 2114 Heilmann
654 2077 915 2124 adsentiuntur,
947 2078 1102 2123 auctoris
1129 2076 1342 2112 sententiam
1367 2077 1498 2113 rectius
1525 2090 1583 2113 ex-

147 2137 314 2184 primere,
344 2138 566 2183 reddentem,
596 2136 683 2172 ‘non
709 2137 862 2183 amplius
887 2137 924 2172 in
949 2135 1176 2171 latitudinem
1209 2135 1359 2171 multum
1388 2137 1490 2181 patet
1514 2149 1580 2182 pro

147 2197 284 2244 reliqua
309 2196 464 2244 Aegypti
488 2195 699 2232 latitudine'.

247 2344 276 2381 1)
297 2341 353 2371 His
364 2342 412 2375 :de
431 2340 508 2372 locis
529 2341 667 2371 conferas
689 2341 816 2370 Kfihner
835 2351 864 2379 p.
883 2344 967 2372 1009.
989 2344 1015 2370 4.

217 2386 219 2388 ’
247 2391 278 2428 2)
300 2391 484 2429 Scythorum
508 2390 603 2420 fuisse
629 2400 758 2429 magnas
779 2391 860 2420 vires
885 2389 1032 2428 colligere
1057 2388 1131 2419 licet
1157 2388 1252 2418 etiam
1273 2398 1309 2418 ex
1330 2388 1482 2426 'rhu0.11‚
1498 2392 1546 2426 97,
1563 2394 1581 2420 5

147 2436 224 2470 ὥστε
246 2438 297 2471 ἐπὶ
318 2440 399 2478 μέγα
419 2434 519 2477 ἦλθεν
540 2437 559 2478 ἡ
581 2440 722 2479 βασιλεία
738 2437 856 2478 ἰσχύος·
878 2440 938 2469 τῶν
955 2437 1013 2477 γὰρ
1034 2435 1068 2468 ἐν
1085 2438 1121 2477 τῇ
1140 2434 1275 2476 Εὐρώπῃ
1296 2433 1367 2468 ὅσαι
1389 2437 1506 2476 μεταξὺ
1524 2440 1579 2469 τοῦ

145 2485 257 2519 Ἰονίου
278 2487 396 2519 κόλπου
416 2489 469 2519 καὶ
491 2489 545 2519 τοῦ
567 2485 721 2526 Εὐξείνου
746 2487 863 2519 πόντου
885 2489 1010 2527 μεγίστη
1032 2485 1341 2529 ἐγένετοὶχρημᾶτων
1362 2486 1505 2528 προσόδῳ
1520 2489 1581 2519 ἐκαὶ

147 2538 184 2577 τῇ
205 2536 280 2578 ἄλλῃ
302 2535 503 2577 εὐδαιμονίᾳ,
524 2536 605 2576 ἰσχύι
625 2537 662 2569 δὲ
683 2536 782 2577 μάχης
802 2538 855 2568 καὶ
875 2537 1006 2575 στρατοῦ
1027 2534 1144 2575 πλήθει
1165 2533 1242 2566 πολὺ
1264 2534 1394 2574 δευτέρα
1423 2535 1500 2575 μετὰ
1523 2537 1579 2575 τὴν

147 2587 208 2616 τῶν
230 2587 377 2617 Σκυθῶν.
884 2585 887 2588 ⁴
