1771 2981
796 207 1033 244 „38-

294 294 378 341 VII,
404 295 460 331 96.
502 295 650 331 εἵποντο
687 293 728 331 δὲ
764 292 812 338 ὡς
852 292 899 331 οὗ
940 294 1135 343 στρατηγοὶ
1168 293 1259 332 ἀλλ’
1298 294 1419 343 ὥσπερ
1456 297 1495 334 οἱ
1526 294 1631 333 ἄλλοι

199 352 481 401 στρατευόμενοι
515 355 661 399 δοῦλοι,
698 353 774 390 ἐπεὶ
810 353 1006 400 στρατηγοὶ
1033 383 1041 390 .
1066 382 1075 391 .
1101 383 1108 390 .
1135 355 1298 401 εἰρέαταί
1328 369 1400 402 μοι.
1450 356 1634 392 Putabunt

198 413 354 449 fortasse
380 413 543 448 nonnulli
570 412 637 449 hoc
664 413 866 461 exemplum
898 413 1027 449 iniuria
1051 413 1110 449 hic
1135 413 1231 460 poni.
1281 413 1372 451 Mihi
1403 417 1522 452 autem
1548 427 1629 451 con-

195 474 349 518 textum,
373 471 582 518 praesertim
615 472 830 508 sententiam
861 471 1055 517 causalem,
1086 470 1161 507 ἐπεὶ
1194 471 1390 519 στρατηγοὶ
1411 501 1420 509 .
1441 501 1448 509 .
1471 472 1633 519 εἰρέαταί

197 543 260 577 μοι
285 529 491 576 inspicienti
515 529 585 566 h‘uc
606 530 784 577 pertinere
806 529 954 565 videtur.
1000 529 1144 577 Sensus,
1171 542 1250 566 mea
1271 531 1460 578 sententia,
1486 533 1541 567 est
1560 530 1633 567 hic:

198 588 440 635 sequebantur
480 600 554 624 non
593 589 674 625 loco
715 589 971 635 imperatorum
1007 587 1255 635 (imperatores
1290 601 1364 625 non
1399 588 1532 643 erant),
1573 589 1634 625 sed

197 647 322 683 eodem
348 646 454 683 modo
481 659 551 694 quo
578 647 706 694 reliqui
731 647 928 683 militantes
955 647 1057 683 servi.

301 707 380 742 117.
419 704 536 754 τούτῳ
569 704 611 743 δὲ
643 707 693 754 τῷ
722 704 913 754 Ἀρταχαίῃ
944 704 1083 743 θύουσι
1117 703 1306 742 Ἀκάνθιοι
1338 707 1375 743 ἐκ
1406 709 1634 753 θεοπροπίου

198 763 249 807 ὥς
274 763 378 811 ἥρωι.

299 824 378 859 141.
409 822 658 870 συνεβούλευέ
676 833 743 869 σφι
759 850 767 859 .
786 852 791 858 .
810 853 816 860 .
834 853 840 860 .
857 823 1019 870 χρᾶσθαι
1039 824 1088 872 τῷ
1111 825 1318 873 χρηστηρίῳ
1340 819 1389 866 ὡς
1410 822 1537 866 ἱκέτας.

301 884 380 918 149.
410 889 599 929 προειπεῖν
629 895 667 918 τε
697 889 793 918 τοῖσι
824 879 1010 927 ἀγγέλοισι
1048 879 1117 928 πρὸ
1134 876 1137 878 ’
1155 881 1286 924 δύντος
1317 879 1425 928 ἡλίου
1455 878 1635 917 ἀπαλλάσ-

199 944 332 976 σεσθαι
359 940 397 976 ἐκ
422 941 486 986 τῆς
509 938 684 986 ’Λργείων
704 938 840 987 χώρης,
871 940 906 975 εἰ
930 938 971 975 δὲ
996 938 1063 986 μή,
1090 935 1329 987 περιέψεσθαι
1356 936 1405 982 ὡς
1430 942 1636 986 πολεμίους.

300 1000 380 1034 181.
413 996 500 1041 τοὺς
526 997 567 1034 δὲ
592 997 727 1040 ἄλλους
742 1026 750 1034 .
767 1026 774 1033 .
793 1027 799 1033 .
817 1025 825 1033 .
841 1005 1030 1044 περιεῖπον
1056 995 1106 1040 ὥς
1130 994 1358 1044 ἀνδράποδα.

298 1058 380 1093 209.
406 1051 434 1092 ὦ
450 1058 614 1102 βασιλεῦ,
636 1055 716 1102 ἐμοὶ
732 1057 894 1103 χρᾶσθαι
916 1053 965 1099 ὣς
984 1053 1094 1101 ἀνδρὶ
1115 1056 1266 1103 ψεύστῃ,
1287 1053 1335 1102 ἢν
1350 1055 1399 1103 μὴ
1417 1084 1522 1093 .....

298 1115 398 1161 VIII,
423 1116 480 1151 95.
517 1116 584 1151 τοῦ
601 1143 608 1151 .
626 1144 634 1152 .
650 1144 657 1151 .
675 1144 682 1150 .
710 1112 947 1161 ἐπεμνήσθην
974 1112 1022 1157 ὦς
1048 1112 1185 1160 ἀνδρὸς
1212 1112 1372 1162 ἀρίστου.

298 1174 366 1220 ΙΧ,
394 1175 449 1210 76.
489 1172 613 1220 γύναι,
648 1172 787 1220 θάρσεε
822 1173 884 1210 καὶ
921 1170 969 1217 ὡς
1001 1173 1110 1217 ἱκέτις
1144 1173 1204 1210 καὶ
1240 1175 1274 1210 εί
1309 1172 1355 1221 δὴ
1392 1172 1483 1221 πρὸς
1517 1173 1635 1224 τούτῳ

199 1231 390 1280 τυγχάνεις
411 1230 553 1279 ἀληθέα
575 1232 744 1279 λέγουσα.
791 1233 870 1279 Hic,
893 1236 932 1269 ut
953 1233 1016 1279 VI,
1037 1234 1094 1279 30,
1114 1233 1151 1269 in
1173 1233 1397 1279 appositione
1420 1234 1637 1281 significatio

202 1293 297 1328 inest
322 1292 484 1327 causalis.

803 1469 937 1519 Caput
966 1467 1033 1507 IX.

759 1555 809 1589 ὡς
835 1553 1076 1599 Rostringens.

300 1633 507 1669 Sententiae
538 1634 730 1680 primariae
762 1632 818 1667 vel
846 1632 952 1667 alicui
984 1632 1077 1667 eius·
1091 1632 1184 1678 parti
1219 1633 1274 1667 vel
1305 1633 1384 1668 voci
1410 1634 1550 1669 additur
1576 1646 1639 1680 per

203 1689 252 1734 ὡς
277 1693 411 1728 locutio
438 1704 527 1739 quae
554 1692 629 1727 eius
656 1691 845 1727 veritatem
871 1691 923 1726 ita
944 1690 1133 1737 restringit-
1158 1693 1193 1725 et
1218 1690 1478 1727 circumscribit
1503 1694 1544 1728 ut
1569 1705 1639 1740 qua

203 1764 370 1787 mensura
400 1752 449 1787 sit
481 1751 720 1797 aestimanda,
752 1750 941 1797 significet.
993 1749 1071 1792 Quo
1102 1749 1206 1785 modo
1238 1750 1295 1785 hic
1327 1762 1413 1786 usus
1443 1753 1548 1786 natus
1581 1752 1640 1794 sit,

202 1812 298 1844 recte
335 1810 523 1844 ostendere
560 1809 649 1842 mihi
686 1809 824 1843 videtur
858 1808 999 1841 Braune
1035 1807 1152 1841 verbis
1189 1808 1232 1842 de
1267 1808 1463 1853 particulae
1498 1812 1538 1844 ut
1571 1822 1638 1844 usu

203 1868 312 1903 simili
339 1868 395 1903 his
405 1866 452 1916 ¹):
478 1866 662 1914 ‘quoniam
688 1868 729 1902 ut
755 1866 800 1902 ad
827 1865 1113 1907 convenientiam
1140 1865 1289 1902 duarum
1316 1878 1435 1902 rerum
1461 1858 1639 1903 declaran-

203 1927 285 1962 dam
311 1927 516 1976 adhibetur,
542 1926 632 1961 nihil
658 1927 782 1961 obstat
807 1925 998 1971 quominus
1022 1936 1079 1959 res
1105 1937 1170 1971 per
1194 1927 1472 1971 comparativam
1500 1930 1638 1962 senten-

202 1986 290 2021 tiam
322 1986 417 2020 elata
449 1997 514 2031 pro
546 1997 587 2020 eo
619 1978 778 2020 modulo
796 1984 907 2030 accipi
939 1982 1069 2029 possit,
1100 1995 1168 2029 quo
1200 1984 1361 2021 adhibito
1393 1985 1436 2020 de
1462 1985 1576 2021 altera
1601 1998 1639 2022 re

203 2045 266 2080 fiat
291 2044 483 2080 iudicium’.

301 2103 390 2139 Cum
411 2103 600 2149 participio
627 2103 855 2149 coniungitur
881 2098 930 2144 ὦς
951 2102 1002 2137 sic
1022 2104 1233 2149 usurpatum
1254 2103 1316 2149 IV,
1333 2104 1414 2150 142,
1438 2105 1547 2140 τοῦτο
1573 2103 1640 2151 μὲν
1707 2099 1709 2101 ’

204 2160 253 2205 ὡς
284 2160 412 2204 ἐόντας
433 2159 567 2204 Ἴωνας
598 2160 834 2208 ἐλευθέρους,
867 2161 1060 2203 κακίστους
1089 2174 1127 2196 τε
1151 2160 1213 2197 καὶ
1244 2159 1541 2210 ἀνανδροτάτους
1566 2165 1639 2210 κρί-

203 2231 311 2257 νουσι
337 2218 432 2256 εἶναι
458 2218 631 2256 ἁπάντων
657 2218 883 2268 ἀνθρώπων,
904 2219 1012 2255 τοῦτο
1034 2218 1074 2255 δὲ
1091 2247 1098 2255 .
1116 2247 1123 2255 .
1140 2248 1148 2256 .
1164 2248 1171 2256 .
1189 2220 1289 2257 Stein
1314 2222 1497 2258 commode
1518 2224 1639 2260 vertit:

204 2280 283 2315 ‘Die
310 2280 417 2315 Ioner
442 2280 603 2314 insofern
628 2280 678 2314 sie
706 2280 792 2315 freie
817 2277 966 2314 M'anner
993 2278 1111 2313 seien’.

303 2338 514 2385 Plerumque
535 2338 670 2374 locutio
692 2338 915 2385 restringens
936 2337 988 2372 ita
1007 2337 1161 2384 ponitur,
1188 2336 1241 2372 ‘ut
1261 2338 1441 2373 minuendi
1462 2339 1640 2386 quandam

203 2398 277 2433 vim
297 2397 438 2444 habeat,
464 2409 545 2433 cum
566 2397 698 2444 aliquid
720 2397 827 2433 alicui
848 2396 957 2431 tribui
979 2396 1198 2442 significetur
1221 2408 1285 2443 pro
1308 2409 1348 2433 ea
1369 2409 1544 2445 mensura,
1571 2412 1640 2447 qua

204 2457 243 2491 in
267 2456 333 2491 hac
359 2456 464 2492 illave
490 2469 528 2492 re
554 2457 608 2492 uti
635 2469 787 2503 aequum
813 2454 920 2502 sit’2).
982 2462 986 2466 '

306 2545 333 2581 1)
357 2543 388 2572 F.
406 2543 440 2573 E.
457 2544 588 2581 Braune,
610 2543 657 2574 De
677 2542 831 2582 particula
850 2545 886 2572 ut
907 2541 1040 2580 simplici
1060 2543 1093 2572 et
1107 2520 1266 2581 copulata.
1297 2542 1421 2573 Lundac
1440 2546 1522 2574 1866.
1547 2555 1577 2583 p.
1594 2547 1641 2575 44.

305 2593 334 2631 2)
354 2592 439 2623 Haec
461 2594 532 2622 sunt
553 2593 646 2623 verba
662 2591 813 2630 Madvigii
830 2592 867 2621 de
884 2591 977 2621 simili
999 2591 1171 2629 particulae
1192 2596 1227 2622 ut
1247 2602 1303 2621 usu
1324 2593 1364 2622 ad
1381 2591 1441 2623 Cic.
1460 2593 1497 2622 de
1513 2593 1602 2625 fin.4.
1614 2598 1640 2625 1.
