1771 2981
714 198 954 236 ...45-

121 286 235 324 tivum
271 286 450 323 omittitur
484 286 641 324 locorum
676 288 749 324 huc
779 289 1034 335 pertinentium
1066 302 1111 326 ne
1142 302 1211 326 uno
1243 290 1384 337 quidem
1402 286 1492 336 nbi,
1523 290 1552 326 si

122 357 275 390 sensum‘
289 344 346 393 (ut
366 344 449 391 VII,
464 346 522 391 24,
549 345 635 394 172)
667 347 721 382 vel
756 350 969 386 structuram
1001 347 1057 395 (ut
1081 348 1129 395 ΙΙ,
1153 347 1256 396 135)
1275 350 1474 385 sententiae
1503 362 1553 384 rc-

123 403 295 452 spexeris,
321 404 518 451 exspecturi
543 404 667 451 possit.
1589 419 1592 423 ·

219 462 286 499 His
311 463 348 499 in
374 463 560 500 sententiis
586 463 772 509 adhibetur
796 465 1006 502 indicativus

224 532 255 568 1.
280 531 323 567 de
340 543 385 567 ›re
410 544 500 579 quae
525 527 628 569 facta?
647 545 724 569 esse
748 534 983 580 praedicatur.
1009 534 1035 586 Ι,
1059 535 1127 571 163
1153 533 1274 584 τούτῳ,
1296 533 1342 582 δὴ
1368 536 1419 585 τῷ
1439 533 1551 582 ἀνδρὶ

121 589 339 637 προσφιλέες
364 586 404 626 οἱ
424 591 605 633 Φωκαιέες
625 589 722 627 οὕτω
743 590 789 638 δή
810 606 844 628 τι
865 592 1049 638 ἐγένοντο,
1070 590 1120 634 ὥς
1139 591 1182 628 τὰ
1203 592 1272 638 μὲν
1292 594 1417 640 πρῶτά
1437 605 1552 638 σφεας

123 646 333 690 ἐκλιπόντας
344 645 488 695 Ἰωνίην
505 647 643 686 ἐκέλευε
668 651 733 697 τῆς
757 650 896 687 ἑωυτοῦ
921 649 1040 699 χώρης
1066 652 1211 698 οἰκῆσαι
1232 649 1323 687 ὅκου
1342 650 1551 698 βούλονται.

105 739 109 740 ⁷
219 707 265 753 ΙΙ,
290 707 367 744 135.
404 705 499 744 οὕτω
530 706 576 755 δή
602 721 636 745 τι
665 708 789 756 κλεινὴ
821 709 963 756 ἐγένετο
994 708 1043 753 ὡς
1068 709 1128 746 καὶ
1161 711 1199 746 οἱ
1224 709 1357 753 πάντες
1376 708 1552 757 ’Έλληνες

118 764 318 809 Ῥοδώπιος
341 765 383 802 τὸ
410 763 552 813 οὕνομα
578 766 767 814 ἐξέμαθον.

220 824 285 872 111,
308 823 422 872 l3O-1)
458 822 598 862 αὐτέων
625 825 756 873 ἑκάστη
772 856 780 864 .
796 853 805 863 .
821 855 828 862 .
845 856 853 864 .
874 827 1047 874 ἐδωρέετο
1073 827 1295 875 Δημοκήδεα
1322 826 1418 865 οὕτω
1444 829 1491 875 δή
1514 842 1550 864 τι

123 883 269 926 δαψιλέι
305 884 424 930 δωρεῇ
466 881 514 926 ὦς
553 882 639 926 τοὺς
668 882 937 926 ἀποπίπτοντας
975 882 1045 921 ἀπὸ
1076 886 1150 921 τῶν
1180 885 1343 932 φιαλέων
1372 887 1552 932 στατῆρας

123 940 301 988 ἑπόμενος
316 940 336 977 ὁ
354 941 495 988 οἰκέτης
510 940 700 988 ἀνελέγετο
715 944 780 977 καί
792 943 830 978 οἱ
842 941 965 989 χρῆμα
977 942 1115 979 πολλόν
1130 942 1164 980 τι
1180 939 1320 990 χρυσοῧ
1335 944 1550 990 συνελέχθη.

220 1000 301 1046 VII,
329 1001 384 1035 11.
418 1000 683 1046 κατεστρέψατο
710 998 805 1037 οὕτω
831 998 880 1043 ὥς
904 1001 964 1036 καὶ
991 1002 1026 1043 ἐς
1051 1000 1135 1038 τόδε
1161 1000 1270 1038 αὐτοί
1289 1015 1328 1038 τε
1348 1000 1549 1049 ὥνθρωποι
1594 1014 1597 1017 ’

122 1058 183 1094 καὶ
208 1056 231 1105 ἡ
257 1060 303 1104 γῆ
329 1055 452 1094 αὐτῶν
479 1057 663 1105 ἐπώνυμοι
688 1064 755 1095 τοῦ
780 1060 1123 1106 καταστρεψαμένου
1147 1061 1347 1097 καλέονται.

218 1117 318 1163 VIII,
337 1117 395 1154 56.
431 1119 465 1160 ἐς
494 1119 674 1154 τοσοῦτον
703 1116 873 1164 θόρυβον
905 1116 1079 1155 ἀπίκοντο
1105 1117 1158 1162 ὦς,
1179 1121 1271 1155 ἔνιοι
1296 1123 1380 1169 τῶν
1397 1129 1549 1167 στρατη-

122 1177 200 1222 γῶν
227 1173 315 1212 οὐδὲ
340 1177 557 1223 κυρωθῆναι
583 1178 714 1223 ἔμενον
740 1175 781 1212 τὸ
805 1179 1045 1223 προκείμενον
1070 1179 1229 1224 πρῆγμα,
1254 1176 1333 1214 ἀλλ’
1362 1179 1399 1220 ἐς
1422 1191 1462 1213 τε
1486 1177 1552 1220 τὰς

124 1234 212 1277 νέας
236 1234 428 1271 ἐσέπιπτον
453 1234 514 1271 καὶ
541 1235 638 1271 ἱστία
664 1232 832 1283 ἀείροντο
859 1233 909 1278 ὥς
934 1234 1240 1284 ἀποθευσόμενοι,

220 1295 277 1330 99.
324 1291 347 1340 ἡ
385 1293 452 1341 μὲν
493 1293 539 1341 δὴ
580 1292 704 1341 πρώτη
745 1295 782 1337 ἐς
822 1296 952 1331 Σοῦσα
992 1293 1140 1341 ἀγγελίη
1185 1293 1385 1342 ἀπικομένη
1426 1297 1551 1342 ἔτερψε

124 1350 220 1388 οὕτω
252 1351 298 1398 δή
323 1366 358 1388 τι
385 1353 560 1399 Περσέων
590 1351 678 1395 τοὺς
706 1350 1001 1399 ὑπολειφθέντας
1031 1351 1080 1396 ὥς
1105 1353 1169 1396 τάς
1182 1365 1231 1399 ντε
1257 1352 1367 1404 ὁδους
1391 1356 1550 1401 μυρσίνῃ

125 1410 242 1459 πιέσας
267 1410 464 1458 ἐστόρεσαν
488 1411 550 1448 καὶ
577 1412 742 1458 ἐθυμίων
767 1411 982 1459 θυμιήματα
1007 1411 1068 1448 καὶ
1093 1410 1197 1448 αὐτοὶ
1223 1407 1320 1459 ἦσαν
1339 1413 1379 1449 ἐν
1398 1414 1555 1460 θυσίῃσί

123 1483 161 1506 τε
191 1469 252 1506 καὶ
282 1468 507 1517 εὐπαθείῃσι.
549 1470 684 1506 Eodem
716 1471 821 1507 modo
850 1473 1040 1517 usurpatur
1064 1468 1156 1512 ὥστε
1186 1483 1264 1507 cum
1295 1472 1485 1506 indicativo
1515 1472 1552 1506 in

123 1529 298 1565 sententia
323 1541 412 1576 quae
438 1529 606 1576 sequitur.

221 1609 253 1643 2.
285 1608 327 1642 de.
359 1620 396 1642 re
414 1620 493 1655 ¹non
517 1608 628 1652 facta3
661 1608 721 1642 sed
747 1607 906 1653 profecto
933 1608 978 1642 ob
1005 1619 1084 1642 eam
1110 1618 1252 1642 causam
1278 1607 1371 1653 quod
1396 1608 1432 1642 id
1458 1608 1550 1653 quod

123 1664 300 1701 affirmare
332 1666 484 1712 scriptor
515 1666 591 1701 vult
621 1666 799 1702 sententia
824 1666 1024 1711 continetur
1050 1662 1310 1711 consecutiva&
1346 1665 1362 1700 I
1387 1665 1464 1701 199.
1490 1654 1572 1702 ms

120 1721 218 1760 τώπὸ
243 1722 378 1761 τούτου
404 1721 470 1760 οὐκ
496 1721 592 1761 οὕτω
617 1723 710 1771 μέγα
735 1726 773 1761 τί
795 1725 836 1761 οἱ
857 1717 988 1767 δώσεις
1013 1721 1063 1767 ὥς
1086 1728 1160 1771 μιν·
1177 1721 1346 1770 λάμψεαι.
1378 1741 1383 1746 ’

219 1783 421 1820 Infinitivus
454 1786 644 1830 usurpatur
671 1782 709 1831 1)
739 1786 822 1830 post
854 1783 1070 1819 sententiam
1103 1783 1307 1830 primariam
1339 1783 1553 1829 negativam.

121 1842 167 1889 II,
193 1842 262 1878 135
292 1840 429 1889 μεγάλα
461 1841 634 1889 ἐκτήσατο
664 1840 830 1890 χρήματα
861 1839 911 1885 ὦς
941 1838 988 1878 ἂν
1019 1839 1115 1878 εἶναι
1136 1835 1331 1887 Ῥοδῶπιν,
1361 1840 1452 1889 ἀτὰρ
1483 1839 1551 1877 οὐκ

120 1898 171 1943 ὥς
194 1914 236 1947 γε
261 1901 298 1943 ἐς
321 1902 510 1947 πυραμίδα
534 1899 710 1947 τοιαύτην
732 1901 926 1944 ἐξικέσθαι.
978 1900 1055 1937 Hoc
1076 1902 1118 1936 de
1139 1902 1216 1937 loco
1242 1912 1347 1947 supra
1372 1899 1470 1948 (pag.
1486 1900 1551 1948 39)

122 1960 204 1996 dixi.
253 1960 321 2006 ΙΙΙ,
343 1960 412 1995 146
443 1957 601 2005 ὑπέλαβε
631 1957 698 1995 τὸν
727 1958 841 2005 λόγον
873 1957 941 1995 οὐκ
972 1960 1008 2002 ἐς
1037 1960 1146 1995 τοῦτο
1177 1957 1393 2006 ἀφροσύνης
1420 1957 1552 1995 ἀπικό-

122 2031 232 2064 μενος
257 2016 307 2061 ὥς
332 2017 437 2061 δόξαι
461 2017 695 2064 τὴν,ἑωυτοῦ
724 2016 885 2064 δύναμιν
910 2018 1143 2064 περιέσεσθαι
1168 2019 1231 2063 τῆς
1254 2018 1433 2064 βασιλέος.
1484 2019 1550 2054 His

123 2077 260 2114 duobus
287 2077 385 2122 locis,
410 2090 490 2113 cum
512 2077 689 2113 sententia
708 2078 879 2124 primaria
899 2077 1068 2124 neg'ativa
1088 2078 1145 2123 sit,
1170 2077 1389 2112 enuntiatum
1411 2090 1551 2124 quoque

121 2136 366 2173 secundarium
391 2137 597 2183 negativam
622 2136 928 2184 significationem·
944 2137 1104 2183 acquirit.

219 2214 259 2264 2)
280 2216 325 2251 ob
341 2216 523 2252 notionem
540 2215 689 2261 consilii,
704 2227 800 2262 quae
815 2228 896 2258 cum
911 2216 1054 2252 notione
1075 2215 1329 2251 consecutionis
1351 2216 1551 2252 sententiae

122 2342 278 2374 secutivae
298 2342 469 2373 sententia-e
490 2342 612 2381 proprie
633 2343 704 2372 sunt
725 2342 976 2381 comparativae?
1019 2341 1240 2378 Gildersleeve‚
1261 2341 1327 2371 The
1349 2341 1551 2374 Consecutivc

122 2390 273 2421 Sentence
293 2392 326 2421 in
346 2391 455 2428 Greek,
475 2391 638 2421 American
656 2392 785 2421 Journal
801 2391 837 2421 of
849 2391 1020 2429 Philology.
1046 2391 1114 2420 Vol.
1134 2387 1198 2427 VII,
1218 2400 1248 2428 p.
1267 2394 1337 2420 167:
1360 2391 1452 2422 ‘That
1473 2390 1549 2422 ὥστε

120 2439 148 2468 is
168 2431 187 2469 n
208 2440 417 2479 comparative
436 2439 578 2478 particle,
598 2439 686 2470 there
706 2449 768 2470 can
784 2440 823 2469 be
842 2448 883 2469 no
903 2439 1019 2469 doubt.’
1062 2438 1120 2468 Cfr.
1142 2439 1237 2468 etiam
1251 2438 1385 2469 *Kfihner
1404 2443 1421 2475 ξ
1437 2444 1504 2471 583.

153 2498 157 2501 ·
223 2490 252 2528 1)
273 2483 533 2528 Hoc'exemplum
560 2497 629 2519 cum
649 2487 716 2527 VII,
739 2491 793 2519 172
815 2489 847 2518 et
867 2487 948 2526 VIII,
963 2491 1007 2518 ’66
1033 2487 1220 2518 Rudloffium
1246 2488 1499 2527 (Observationes
1519 2490 1552 2521 in

121 2538 294 2569 orationem
315 2529 531 2569 Herodoteam.
562 2538 652 2569 Helle
670 2539 758 2577 1879)
777 2538 892 2576 fugisse
913 2537 1043 2568 videtur.

219 2589 249 2626 2)
271 2587 331 2618 Grr.
352 2586 483 2626 Curtius,
506 2588 729 2626 Schulgrumm.
751 2590 767 2623 ξ
784 2590 840 2616 553
852 2588 880 2616 b.
893 2596 919 2616 a.
938 2589 962 2617 1.
