1771 2981
779 192 1022 231 ...50-

181 282 288 331 ἰδεῖν,
311 282 474 332 pluribus
500 280 698 321 interiectis
725 283 921 332 vocabulis,
947 298 1011 333 per
1029 294 1086 328 ως
1111 285 1207 322 ἰδεῖν
1233 282 1415 334 iteratur);
1440 282 1522 333 VII,
1540 282 1620 364 148,

181 344 266 390 1703
291 343 465 390 V111,94‚
484 344 563 380 118.

281 401 458 438 Praesens
484 403 693 449 imperfecto
721 402 892 439 orationis
923 401 1042 439 rectae
1068 404 1285 450 respoiidens
1310 403 1488 439 invenitur
1513 402 1541 449 Ι,
1561 403 1619 451 24,

178 461 244 508 943
274 461 326 507 II,
356 462 468 507 121β,
497 462 595 497 1216
631 460 726 508 (cum
770 461 914 496 aoristis
951 461 1190 535 copulatum),
1233 463 1335 507 1215,
1358 463 1442 510 140·
1472 461 1536 508 ΙΙΙ,
1558 463 1619 508 87;

177 518 278 567 VIII,
297 520 355 556 94.

279 577 399 615 Semel
426 580 581 616 occurrit
606 579 801 625 perfectum
833 591 899 625 pro
930 580 1278 625 plusquamperfecto
1305 580 1477 616 orationis
1501 581 1618 636 rectae

176 636 211 671 II
249 638 306 673 99.

212 665 222 683 ‚
275 695 439 733 Moribus
465 697 713 743 institutisque
734 696 976 731 describendis
997 696 1145 731 inservit
1171 696 1436 733 coniunctivus
1440 698 1516 733 sine
1538 708 1612 743 par-

173 752 330 789 ticula’‘
305 768 369 790 av:
394 755 422 798 I,
433 756 502 791 132
523 756 596 790 τῶν
618 753 659 790 δὲ
681 752 730 797 ὡς
751 753 889 802 ἑκάστῳ
907 752 1017 789 θύειν
1038 754 1219 801 θέλῃῙ)..
1261 755 1404 791 ,καλέει
1424 754 1492 791 τὸν
1507 754 1610 791 θεόν.

175 811 239 858 IV,
257 813 328 849 172
353 814 429 849 τῶν
455 811 496 849 δε
522 810 571 856 ὥς
597 811 749 855 ἔκαστός
776 813 815 849 οἰ
837 816 967 860 μιχθῇ,
994 813 1097 848 διδοῖ
1120 812 1292 861 δῶρονῗ).

162 918 165 920 q
276 871 517 919 Coniungitur
543 885 623 908 cum
650 869 700 914 ὥς
725 872 905 919 optativus
937 872 980 907 ad
1015 872 1282 917 exprimendam
1314 885 1389 908 rem
1420 873 1615 920 praeterito

164 932 336 977 ¹tempore
367 932 548 966 iteratam:
585 931 612 977 I,
631 932 674 966 17
703 928 753 972 ὡς
778 928 818 965 δὲ
844 930 881 971 ἐς
914 928 981 975 τὴν
1008 932 1200 976 Μιλησίην
1226 928 1406 976 ἀπίκοιτο,
1433 929 1611 978 οἰκήματα

175 987 243 1034 μὲν
269 987 312 1024 τὰ
339 988 396 1025 ἐπὶ
422 991 497 1026 τῶν
529 987 656 1036 ἀγρῶν
692 987 777 1025 οὔτε
813 988 1009 1034 κατέβαλλε
1036 1002 1065 1024 κ.
1087 1001 1115 1024 τ.
1137 991 1167 1025 λ.
1197 1010 1237 1014 -
1268 989 1347 1025 196.
1380 986 1429 1031 ὡς
1458 987 1529 1036 γὰρ
1566 987 1613 1035 δὴ

175 1047 357 1089 διεξέλθοι
384 1045 409 1095 ὁ,
430 1048 543 1094 κῆρυξ
569 1047 722 1083 πωλέων
752 1045 818 1088 τὰς
847 1043 1098 1088 εὐειδεστάτας
1128 1048 1203 1082 τῶν
1234 1047 1453 1093 παρθένων,
1484 1046 1613 1093 ἀνίστη

174 1101 222 1141 ἂν
248 1103 317 1152 τὴν
342 1103 632 1153 ἀμορφεστάτην.
660 1127 702 1131 -
732 1105 813 1151 VII,
836 1105 905 1141 119
932 1103 982 1147 ὥς
1008 1103 1048 1141 δὲ
1074 1106 1227 1141 δείπνου
1252 1104 1431 1153 γίνοιτοῧ)
1462 1103 1551 1156 ὥρη,
1578 1106 1617 1141 oc
1675 1127 1678 1129 -

175 1164 240 1208 μὲν
267 1163 459 1210 δεκόμενοι
486 1166 635 1211 ἔχεσκον
660 1162 789 1199 πόνον.

275 1223 426 1259 Additur
450 1224 626 1270 particula
653 1222 700 1258 ἄν
721 1222 749 1269 Ι,
772 1222 852 1258 196.
894 1219 943 1264 ὥς
964 1218 1012 1257 ἂν
1033 1222 1073 1257 αἱ
1091 1221 1272 1269 παρθένοι
1292 1224 1458 1269 γινοίατο
1485 1220 1612 1270 γάμων

175 1279 325 1328 ὡραῖαι,
363 1281 498 1325 ταύτας
528 1280 623 1325 ὅκως
653 1279 900 1327 συναγάγοιεν
931 1279 1065 1326 πάσας,
1102 1281 1138 1323 ἐς
1170 1281 1211 1317 ἓν
1243 1283 1381 1328 χωρίον
1412 1280 1612 1327 ἐσάγεσκον

126 1382 143 1391 -.
173 1337 291 1383 ἁλέας.
329 1341 536 1378 Editoribus
553 1342 766 1389 quibusdam
783 1341 970 1387 particula,
985 1352 1075 1387 quae
1091 1343 1147 1376 est
1162 1337 1221 1386 ἅν,
1244 1341 1417 1388 displicet.
1450 1340 1612 1387 Krueger

149 1401 157 1422 ·'
174 1412 252 1436 eam
279 1401 379 1437 uncis
406 1401 565 1437 includit.
617 1399 718 1436 Stein
745 1400 915 1446 proponit
942 1396 1026 1435 ὅσαι
1052 1398 1123 1434 αἰεὶ
1149 1399 1339 1446 παρθένοι.
1362 1419 1365 1421 -
1392 1399 1460 1436 Sed
1492 1400 1611 1435 nescio

174 1471 218 1494 an
246 1460 351 1495 lectio
379 1461 539 1496 codicum
566 1460 708 1495 defendi
734 1460 849 1506 possit
873 1459 954 1494 loco
980 1458 1171 1494 Homerico
1198 1458 1238 1494 ΙΙ.
1259 1459 1326 1505 ΙΧ,
1352 1459 1513 1494 524-5:

377 1534 472 1573 οὕτω
498 1537 559 1572 καὶ
584 1538 659 1573 τῶν
684 1535 852 1583 πρόσθεν
879 1534 1115 1581 ἐπευθόμεθα
1140 1535 1226 1571 κλέα
1253 1534 1402 1583 ἀνδρῶν

373 1592 525 1641 ἡρώων,
552 1595 612 1631 ὅτε
638 1595 701 1631 κέν
726 1593 798 1631 τιν’
828 1593 1041 1640 ἐπιζάφελος
1066 1592 1173 1640 χόλος
1199 1595 1281 1630 ἵκοι.

271 1683 496 1729 Quamquam
522 1672 576 1725 ὥς
611 1696 716 1729 saepe
748 1683 794 1718 ad
825 1683 895 1718 duo
926 1682 984 1717 vel
1014 1682 1119 1727 plura
1149 1683 1259 1718 verba
1289 1683 1457 1729 pertinet,
1487 1686 1606 1720 tamen

172 1742 310 1777 duobus
337 1744 477 1777 tantum
506 1743 603 1788 locis,
629 1744 775 1788 propter
803 1742 925 1787 maius,
951 1744 991 1776 ut
1012 1741 1159 1786 videtur,
1176 1736 1406 1776 'momentum
1431 1742 1468 1776 in
1496 1742 1609 1778 altera

173 1800 353 1835 sententia
373 1791 543 1847 positum,
568 1800 735 1836 iteratur:
763 1799 824 1845 VI,
846 1800 892 1835 29
920 1797 969 1840 ὡς
989 1797 1140 1844 φεύγων
1162 1811 1200 1834 τε
1225 1797 1516 1850 κατελαμβάνετο
1537 1798 1608 1836 ὑπὸ

171 1856 309 1905 ἀνδρὸς
342 1858 494 1906 Πέρσεω
524 1858 585 1894 καὶ
618 1856 667 1901 ὡς
697 1854 980 1905 καταιρεόμενος
1012 1854 1074 1893 ὑπ’
1108 1853 1223 1893 αὐτοῦ
1258 1858 1382 1903 ἔμελλε
1413 1867 1609 1905 συγκεντη-

170 1915 371 1963 θήσεσθαι,
388 1918 555 1964 Περσίδα
576 1918 748 1963 γλῶσσαν
763 1915 882 1964 μετεὶς
901 1914 1123 1962 καταμηνύει
1146 1914 1295 1952 ἑωυτόν.
1315 1937 1355 1942 -
1376 1917 1456 1964 VII,
1474 1918 1543 1954 166
1560 1915 1610 1961 ὡς

170 1973 193 2021 ἡ
221 1974 389 2022 συμβοληΙ
415 1989 452 2011 τε
479 1976 618 2022 ἐγίνετο
648 1975 708 2011 καὶ
736 1973 785 2019 ὡς
818 1975 972 2012 ἑσσοῦτο
1003 1975 1045 2021 τῇ
1077 1972 1190 2022 μάχῃ,
1226 1971 1484 2022 ἀφανισθῆναι
1518 1989 1607 2013 πυν-

170 2032 345 2081 θάνομαι.
1562 2047 1566 2052 ·

268 2094 460 2129 Actionem
486 2094 694 2140 primariam
728 2094 851 2129 statim
885 2094 969 2138 post
1000 2092 1173 2127 actionem
1206 2093 1449 2129 secundariam
1475 2094 1607 2130 factam

171 2165 248 2187 esse
274 2154 315 2187 ut
340 2152 489 2199 indicet,
514 2152 721 2188 Herodotus
754 2154 817 2187 aut
848 2152 889 2186 ad
923 2148 972 2193 ὡς
1006 2150 1103 2185 addit
1134 2149 1284 2197 τάχιστα
1318 2153 1380 2186 aut
1404 2151 1506 2188 initio
1527 2157 1607 2188 'sen-

169 2211 306 2247 tentiae
331 2211 523 2258 primariae
550 2209 680 2247 αὐτίκα
704 2211 763 2246 -vel
786 2209 897 2252 ἰθέως
922 2210 977 2245 vel
1004 2206 1121 2252 εὐθύς
1145 2210 1253 2256 ponit.

268 2340 297 2376 1)
318 2338 364 2368 Ex
385 2337 491 2369 codice
513 2338 535 2367 P
556 2339 589 2368 et
609 2337 743 2368 editione
764 2335 878 2366 Aldina
897 2335 1007 2373 Baehr,
1029 2336 1177 2374 Krueger,
1198 2335 1331 2366 Dindorf
1348 2335 1438 2366 θέλει
1459 2336 1596 2376 legunt.-⁴

268 2388 298 2424 2)
318 2388 364 2416 Ex
385 2386 433 2416 his
449 2386 710 2424 sequentibusque
730 2385 807 2415 locis
828 2385 959 2422 apparet
974 2384 1188 2414 Thierschium
1209 2385 1289 2414 falso
1311 2386 1460 2415 statuere:
1484 2384 1538 2421 ’ὡς
1558 2388 1605 2417 als

168 2435 371 2474 Zeitpartikel
393 2436 477 2465 steht
498 2436 547 2465 bei
564 2436 810 2473 Vergaugenem,
831 2433 876 2462 als
893 2433 1147 2471 Ursachpartikel
1167 2434 1246 2463 auch
1263 2433 1312 2463 bei
1329 2433 1603 2474 Gegenwartigem,

167 2485 242 2514 aber
262 2485 380 2515 fiberall
400 2485 458 2514 mit
478 2485 547 2515 dem
568 2484 742 2514 Indicativ)
788 2483 848 2513 cfr.
871 2481 992 2512 Griech.
1015 2482 1149 2513 Gramm.
1171 2485 1199 2512 4.
1211 2482 1289 2512 Aufl.
1311 2485 1327 2518 §
1344 2485 1410 2520 241,
1430 2483 1520 2514 Anm.
1537 2489 1563 2515 6.
1592 2497 1595 2498 ’

267 2534 296 2569 3)
317 2532 362 2562 De
383 2533 558 2563 discrimine
579 2533 659 2563 inter
680 2531 869 2563 coniunctivi
890 2531 923 2561 et
942 2531 1077 2569 optativi
1097 2539 1240 2569 praesens
1263 2532 1295 2560 et
1314 2531 1461 2561 aoristum
1482 2532 1514 2562 in
1536 2542 1601 2563 sene

167 2580 272 2611 tentiis
293 2581 524 2620 temporalibus,
546 2582 599 2613 cfr.
621 2581 749 2620 Madvig
770 2584 787 2617 ξ
806 2580 896 2618 128b,
918 2582 949 2610 et
970 2583 985 2615 ξ
1004 2580 1094 2609 134b.
