1771 2981
771 221 1006 257 „27-

177 312 234 356 sit,
259 312 364 355 recte,
389 311 487 355 puto,
513 310 685 344 definiunt
710 309 970 356 grammaticam
997 310 1064 354 ita,
1090 311 1129 344 ut
1155 311 1315 344 statuant
1340 321 1420 343 cum
1442 308 1607 342 coniunc—

177 370 273 406 tivus
299 370 504 415 usurpetur,
530 367 738 404 vividiorem
764 367 839 403 fieri
865 367 1114 404 narrationem.

274 428 390 464 Semel
420 428 590 463 habemus
627 427 887 463 coniunctivum
925 441 1003 464 cum
1036 428 1196 473 optativo
1228 427 1446 472 copulatum:
1482 426 1514 468 Ι,
1537 426 1607 461 185

176 487 293 523 ἐποίεε
314 484 355 521 δὲ
375 482 563 531 ἀμφότερα
585 489 698 522 ταῦτα
722 510 729 519 .
746 513 754 520 .
771 512 778 519 .
796 482 873 527 ,ὡς
899 484 919 520 ὅ
944 498 982 520 τε
1006 483 1168 531 ποταμὸς
1182 525 1185 527 K
1192 483 1417 532 βραδύτερος
1442 485 1498 529 ε’ἴη
1523 481 1607 528 περὶ

176 542 318 592 καμπὰς
349 541 489 587 πολλὰς
513 540 730 590 ἀγνύμενος,
756 542 816 579 καὶ
846 544 885 590 οἱ
908 543 1014 581 πλόοι
1046 546 1131 581 ἔωσι
1163 543 1301 581 σκολιοὶ
1335 543 1371 586 ἐς
1394 540 1462 590 τὴν
1489 543 1607 588 Βαβυ-

176 608 292 649 λῶνα,
325 605 364 638 ἒκ
388 616 426 638 τε
455 604 530 637 τῶν
555 601 680 638 πλόων
712 602 895 648 ἐκδέκηται
920 604 1090 650 περίοδος
1115 604 1179 648 τῆς
1203 605 1337 648 λίμνηςἸ
1358 600 1488 647 μακρή.
1539 601 1607 635 Sed

177 675 258 700 eum
283 663 321 698 in
358 661 542 698 sententiis
573 661 709 717 ultimis
739 662 852 697 maius
883 665 1116 706 momentum,
1151 662 1189 698 ni
1218 661 1343 708 fallor,
1367 661 1523 707 positum
1550 660 1608 703 sit,

176 735 247 758 non
269 725 325 757 est
344 734 406 757 cur
426 722 594 756 miremur
613 721 802 756 transitum
827 721 865 756 in
885 722 1157 767 coniunctivum,
1183 722 1252 767 qui,
1266 723 1320 755 *ut
1345 720 1432 764 dixi,
1458 720 1608 755 vividior

180 782 234 816 est
260 791 365 826 quam
392 779 589 826 optativus,
614 779 698 815 fieri.

275 837 373 881 His·
363 851 399 874 m
421 838 607 874 sententiis
627 851 699 874 non
720 838 826 874 obvia
835 841 924 876 sunt
940 839 1030 885 apud
1048 838 1267 874 Herodotum
1283 840 1447 883 tempora
1468 839 1609 883 praeter

177 908 345 944 praesens
366 899 402 931 et
423 897 605 942 aoristum,
621 908 710 942 quae
730 897 825 931 inter
846 908 883 932 se
899 908 941 932 eo
962 897 1138 942 differunt,
1154 897 1248 942 quod
1269 897 1300 931 si
1321 896 1414 930 actio
1435 896 1516 941 ipsa
1531 907 1606 940 pre-

178 954 304 991 menda
330 956 393 1001 est,
418 955 569 991 aoristus
589 957 790 1002 usurpatur,
811 955 841 990 si
862 954 1018 1001 spatium
1038 955 1199 1003 aetiojnis,
1218 950 1432 1002 praesens.²)
1475 952 1607 989 Tamen

180 1027 252 1049 non
270 1017 324 1049 est
344 1010 602 1060 neglegendum
619 1014 815 1059 verborum,
832 1026 980 1059 quorum
1001 1015 1155 1049 aoristus
1176 1026 1358 1059 nunquam
1374 1014 1430 1048 vel
1455 1025 1535 1048 raro
1556 1014 1608 1047 in-

179 1072 330 1118 venitur,
345 1084 511 1119 praesens
528 1072 636 1107 simili
651 1084 796 1108 munere
812 1074 917 1119 atque
935 1073 1106 1121 aoristum
1122 1072 1310 1108 verborum
1327 1071 1479 1107 aliorum
1494 1071 1609 1117 fungi.

277 1128 326 1173 ὥς
364 1132 559 1177 particulae
599 1131 775 1176 particula
810 1129 856 1166 ἄν
893 1144 996 1177 saepe
1034 1132 1189 1177 additur,
1219 1144 1308 1177 quae
1339 1143 1423 1166 eum
1458 1130 1613 1174 additur,

180 1201 320 1235 semper
350 1190 470 1224 statim
502 1192 585 1234 post
616 1185 665 1230 ὡς
695 1189 846 1234 ponitur.
897 1187 987 1223 Sunt
1012 1190 1072 1234 qui
1102 1186 1152 1230 ὥς
1177 1186 1224 1223 ἄν
1255 1190 1300 1223 ab
1327 1185 1378 1229 ὦς
1403 1200 1445 1222 eo
1470 1188 1612 1222 differre

179 1250 306 1295 putent
341 1248 451 1295 quod,
491 1251 530 1283 ut
570 1246 686 1283 verbis
723 1245 914 1283 Godofredi
954 1246 1172 1295 Hermann³)
1212 1250 1307 1293 utar,
1348 1247 1377 1282 si
1418 1246 1511 1282 desit
1550 1243 1611 1292 ἄν,

184 1308 389 1352 simpliciter
416 1306 621 1341 enuntietur
646 1306 843 1349 consilium,
869 1307 899 1340 si
926 1306 1106 1351 adiciatur,
1132 1307 1265 1351 aliquid
1291 1307 1430 1341 fortuiti
1457 1305 1611 1340 accedat.

184 1364 284 1401 Licet
315 1377 378 1411 pro
409 1364 475 1400 hac
507 1363 676 1410 opinione
706 1362 855 1410 proferri
880 1376 983 1411 posse
1010 1364 1171 1400 videatur
1201 1364 1234 1412 1,
1257 1364 1326 1400 152
1357 1360 1377 1400 ὁ
1404 1361 1445 1399 δὲ
1470 1360 1612 1410 πορφύ-

180 1423 268 1472 ρεόν
288 1438 325 1460 τε
351 1419 433 1470 εἷμα
454 1422 753 1470 περιβαλόμενος,
775 1420 824 1466 ὡς
844 1419 891 1459 ἂν
911 1422 1190 1471 πυνθανόμενοι
1211 1423 1372 1469 πλεῖστοι
1393 1422 1612 1459 συνέλθοιεν

181 1483 453 1530 Σπαρτιητέων,
479 1481 539 1517 καὶ
566 1480 744 1533 καταστὰς
770 1484 868 1527 ἔλεγε
893 1481 1020 1527 πολλά,
1046 1485 1168 1517 tamen
1193 1483 1225 1525 si
1249 1495 1304 1517 res
1326 1479 1378 1517 ita
1398 1494 1435 1517 se
1455 1482 1613 1526 haberet,

181 1542 324 1578 difficile
351 1544 445 1577 esset
476 1544 630 1577 statuere
656 1553 719 1577 cur
744 1538 792 1576 ἄν
823 1554 894 1577 non
921 1541 1041 1577 addita
1067 1542 1115 1576 sit
1143 1541 1176 1588 I,
1195 1541 1243 1577 46
1276 1532 1445 1586 διέπεμπε
1472 1538 1512 1576 δὲ
1536 1552 1612 1576 πει-

134 1605 139 1610 ’
183 1599 347 1646 ρώμενος
378 1601 453 1635 τῶν
485 1602 672 1645 μαντηίων
704 1597 760 1635 ὅτι
792 1600 1008 1645 φρονέοιεν,
1035 1597 1099 1643 ὡς,
1130 1601 1164 1635 εἰ
1192 1599 1399 1646 φρονέοντα
1429 1597 1497 1645 τὴν
1526 1597 1612 1644 ἆλη-

126 1678 134 1683 -
181 1661 290 1704 θείην
322 1656 510 1704 εὑρεθείη,
542 1658 730 1705 έπείρηταί
750 1667 847 1706 ,σφεα
873 1656 1036 1704 δεύτερα,
1063 1661 1104 1694 ‘et
1133 1657 1197 1704 IX,
1226 1658 1295 1693 104
1325 1659 1540 1703 Asci-noima
1571 1656 1612 1693 δὲ

181 1717 441 1764 προσετέτακτο
468 1716 535 1763 μὲν
561 1717 636 1752 τῶν
657 1717 833 1762 Περσέων
858 1717 923 1760 τὰς
949 1717 1099 1759 διόδους
1124 1717 1265 1764 τηρέειν
1286 1718 1465 1764 σωτηρίης
1490 1715 1611 1753 εἵνεκά

182 1787 260 1821 σφι,
287 1774 346 1822 ὡς,
373 1772 421 1822 ἢν
446 1774 518 1822 ἄρα
544 1774 658 1821 σφέας
682 1769 942 1824 καταλαμβάνῃ
970 1771 1030 1812 οἶά
1055 1788 1121 1822 περ
1146 1775 1344 1821 κατέλαβε,
1364 1777 1507 1822 ἔχοντες
1531 1774 1612 1822 ἡγε-

183 1834 299 1881 μόνας
334 1828 518 1880 σώζωυται
555 1835 592 1876 ἐς
620 1832 686 1877 τὰς
716 1833 884 1882 κορυφὰς
916 1836 980 1881 τῆς
1009 1833 1204 1882 Μυκαλης,
1240 1836 1368 1882 quibus
1403 1835 1490 1870 locis
1527 1836 1615 1871 solis

185 1895 278 1941 apud
310 1894 533 1938 Herodotum
562 1894 772 1939 exprimitur
802 1894 961 1929 condicio
993 1895 1048 1929 cui
1081 1894 1271 1929 sententia
1290 1894 1406 1930 finalis
1433 1894 1618 1930 subicitur.

281 1953 405 2000 Neque
440 1944 586 1998 possum
618 1952 749 1987 sentire
779 1952 816 1987 in
847 1951 952 1999 VIII,
975 1953 993 1988 7
1030 1953 1104 1988 τῶν
1139 1957 1234 1988 νεῶν
1264 1949 1436 1999 ἁπασέων
1465 1949 1617 1999 ἀποκρί-

183 2024 313 2053 ναντες
333 2012 522 2057 διηκοσίας
541 2010 784 2058 περιέπεμπον
807 2010 945 2054 ἔξωθεν
959 2010 1146 2056 Σκιάθου,
1167 2008 1216 2054 ὡς
1236 2007 1283 2047 ἂν
1298 2009 1347 2057 μὴ
1364 2008 1613 2059 ὀφθείησανί)

448 2064 459 2086 ,Β
930 2076 932 2079 .

283 2120 311 2156 1)
333 2119 391 2148 Cfr.
414 2096 572 2164 Gijodwim
594 2119 615 2148 l.
636 2119 656 2148 l.
677 2128 706 2156 p.
722 2122 770 2147 ⁴11.
805 2117 887 2148 Note
909 2122 935 2147 1.
977 2119 1111 2155 Ki'ihner,
1131 2129 1161 2157 p.
1177 2121 1233 2148 897
1245 2127 1269 2147 c.
1311 2118 1448 2157 Madvig,
1469 2129 1498 2157 p.
1518 2122 1573 2149 146
1585 2120 1614 2148 b.

282 2168 313 2206 2)
334 2167 394 2197 Off.
411 2165 678 2202 Cd'rtius,Griech.
695 2166 898 2197 Grammatik.
921 2170 967 2198 15.
984 2168 1125 2205 Auflage.
1151 2167 1279 2205 Leipzig
1296 2170 1381 2199 1882.
1402 2171 1418 2204 5
1434 2172 1502 2198 495.
1524 2169 1614 2198 Aum.

185 2216 343 2253 Goodwin,
364 2227 395 2255 p.
413 2213 462 2247 8?ss
482 2217 615 2254 Ktfflner,
636 2227 666 2254 p.
685 2220 748 2255 iss.
790 2216 925 2256 Madvig,
947 2221 964 2253 g
983 2220 1038 2247 128
1059 2218 1091 2247 et
1111 2220 1127 2253 ς
1145 2220 1200 2246 134
1212 2225 1237 2246 c.

270 2267 313 2303 23)
335 2267 445 2303 Opusc.
460 2265 518 2301 IV,
539 2275 568 2302 p.
586 2268 650 2294 120.
691 2265 738 2294 Ne
760 2267 863 2295 autem
884 2265 1006 2303 iniquus
1026 2267 1096 2303 sim,
1117 2275 1178 2295 non
1199 2265 1456 2303 dissimulandum
1477 2268 1526 2297 est
1545 2277 1615 2296 eum

186 2324 214 2352 p.
234 2316 288 2344 121
316 2314 449 2344 addere:-
476 2312 593 2351 ‘Saepe
622 2323 685 2344 non
711 2313 841 2344 multum
869 2313 999 2345 interest
1028 2314 1196 2344 addaturne
1222 2312 1262 2344 ἄν
1289 2324 1328 2344 an
1343 2306 1540 2346 omittatur!
1583 2317 1617 2346 ln

186 2364 294 2393 eadem
325 2362 469 2401 opinione
499 2372 560 2401 qua
587 2361 742 2392 Hermann
773 2364 846 2393 sunt
875 2363 1002 2393 Ki'ihner
1031 2363 1097 2401 (cfr.
1119 2374 1149 2401 p.
1166 2366 1233 2401 900,
1255 2364 1285 2402 5)
1318 2365 1351 2394 et
1381 2365 1505 2395 Curtius
1534 2366 1617 2404 (vide

186 2411 468 2452 Schulgrammatik
494 2416 511 2449 ς
527 2415 594 2443 531.
615 2408 727 2451 Αιιιιι.).
761 2412 875 2444 Contra
895 2414 1022 2451 Madvig
1043 2413 1109 2450 (cfr.
1129 2423 1158 2451 p.
1178 2412 1259 2452 130¹)
1286 2413 1375 2448 dicit:
1398 2414 1474 2452 „Bei
1493 2413 1535 2450 ὡς
1554 2415 1617 2445 und

151 2463 154 2465 '
184 2459 270 2497 ὅπως
299 2462 430 2493 bewirkt
459 2460 500 2493 ἄν
529 2462 620 2492 keine
652 2462 851 2492 bemerkbare
878 2462 1129 2500 Veranderungfl
1170 2462 1247 2491 Cum
1273 2461 1433 2506 Madvigio
1464 2465 1619 2495 consentit

187 2511 346 2549 Goodwin,
368 2522 397 2550 p.
414 2515 460 2543 68.
482 2512 562 2542 Note
583 2514 601 2541 2
622 2512 654 2541 et
673 2521 703 2549 p.
720 2514 765 2542 69.
788 2510 868 2542 Note
889 2516 916 2542 3
1342 2518 1343 2532 ³

286 2562 317 2599 4)
338 2561 397 2592 Pro
419 2559 597 2600 ὀφθείησαν
617 2561 757 2591 codicum
778 2560 903 2591 ABCd
928 2559 1041 2599 legitur
1067 2560 1098 2590 in
1125 2560 1282 2592 codicibus
1309 2561 1438 2600 reliquis
1464 2560 1617 2609 ὀφθέώσι,

188 2610 271 2648 quod
293 2610 425 2640 editores
452 2610 593 2641 nonnulli
613 2609 778 2648 accipiunt.
821 2609 965 2646 Quamvis
991 2609 1069 2639 nihil
1090 2609 1131 2639 sit
1150 2612 1230 2641 unde
1252 2612 1320 2641 utra
1341 2611 1434 2641 lectio
1457 2611 1498 2641 sit
1517 2614 1618 2642 verior
