<?xml version="1.0" encoding="UTF-8"?>
<!DOCTYPE html PUBLIC "-//W3C//DTD XHTML 1.0 Transitional//EN"
    "http://www.w3.org/TR/xhtml1/DTD/xhtml1-transitional.dtd">
<html xmlns="http://www.w3.org/1999/xhtml" xml:lang="en" lang="en">
 <head>
  <title>
</title>
<meta http-equiv="Content-Type" content="text/html;charset=utf-8" />
  <meta name='ocr-system' content='tesseract 3.04.00' />
  <meta name='ocr-capabilities' content='ocr_page ocr_carea ocr_par ocr_line ocrx_word'/>
</head>
<body>
  <div class='ocr_page' id='page_1' title='image "4737368_0048.png"; bbox 0 0 1771 2981; ppageno 0'>
   <div class='ocr_carea' id='block_1_1' title="bbox 717 186 952 221">
    <p class='ocr_par' dir='ltr' id='par_1_1' title="bbox 717 186 952 221">
     <span class='ocr_line' id='line_1_1' title="bbox 717 186 952 221; baseline 0 -9"><span class='ocrx_word' id='word_1_1' title='bbox 717 186 952 221; x_wconf 78' lang='lat'>-40-</span> 
     </span>
    </p>
   </div>
   <div class='ocr_carea' id='block_1_2' title="bbox 117 273 1554 441">
    <p class='ocr_par' dir='ltr' id='par_1_2' title="bbox 117 273 1554 441">
     <span class='ocr_line' id='line_1_2' title="bbox 214 273 1552 322; baseline -0.001 -12"><span class='ocrx_word' id='word_1_2' title='bbox 214 274 294 310; x_wconf 92' lang='lat' dir='ltr'><strong>Huc</strong></span> <span class='ocrx_word' id='word_1_3' title='bbox 314 275 440 322; x_wconf 89' lang='lat' dir='ltr'><strong>refero,</strong></span> <span class='ocrx_word' id='word_1_4' title='bbox 466 287 546 311; x_wconf 89' lang='lat' dir='ltr'><strong>cum</strong></span> <span class='ocrx_word' id='word_1_5' title='bbox 567 274 866 321; x_wconf 86' lang='lat' dir='ltr'><strong>significationem</strong></span> <span class='ocrx_word' id='word_1_6' title='bbox 881 275 1044 317; x_wconf 82' lang='lat' dir='ltr'><strong>habeant</strong></span> <span class='ocrx_word' id='word_1_7' title='bbox 1064 274 1340 321; x_wconf 77' lang='lat' dir='ltr'><strong>resti-ingentem</strong></span> <span class='ocrx_word' id='word_1_8' title='bbox 1361 277 1467 321; x_wconf 75' lang='lat' dir='ltr'><strong>atque</strong></span> <span class='ocrx_word' id='word_1_9' title='bbox 1487 273 1552 309; x_wconf 89' lang='lat' dir='ltr'><strong>cir-</strong></span> 
     </span>
     <span class='ocr_line' id='line_1_3' title="bbox 117 328 1554 380; baseline -0.001 -11"><span class='ocrx_word' id='word_1_10' title='bbox 117 333 423 380; x_wconf 84' lang='lat' dir='ltr'><strong>cumscribentem,</strong></span> <span class='ocrx_word' id='word_1_11' title='bbox 448 334 548 374; x_wconf 89' lang='lat' dir='ltr'><strong>locos</strong></span> <span class='ocrx_word' id='word_1_12' title='bbox 568 333 631 369; x_wconf 89' lang='lat' dir='ltr'><strong>ubi</strong></span> <span class='ocrx_word' id='word_1_13' title='bbox 652 331 701 376; x_wconf 75' lang='grc' dir='ltr'><strong>ὥς</strong></span> <span class='ocrx_word' id='word_1_14' title='bbox 727 345 807 369; x_wconf 91' lang='lat' dir='ltr'><strong>cum</strong></span> <span class='ocrx_word' id='word_1_15' title='bbox 827 333 1008 369; x_wconf 87' lang='lat' dir='ltr'><strong>infinitivo</strong></span> <span class='ocrx_word' id='word_1_16' title='bbox 1029 333 1255 380; x_wconf 81' lang='lat' dir='ltr'><strong>coniungitur</strong></span> <span class='ocrx_word' id='word_1_17' title='bbox 1281 333 1480 379; x_wconf 76' lang='lat' dir='ltr'><strong>sequentes:</strong></span> <span class='ocrx_word' id='word_1_18' title='bbox 1505 328 1554 374; x_wconf 82' lang='grc' dir='ltr'><strong>ὦς</strong></span> 
     </span>
     <span class='ocr_line' id='line_1_4' title="bbox 117 387 1553 441; baseline -0.001 -13"><span class='ocrx_word' id='word_1_19' title='bbox 117 390 341 439; x_wconf 61' lang='grc' dir='ltr'><em>ἐπεικάσαιῑ)</em></span> <span class='ocrx_word' id='word_1_20' title='bbox 372 390 430 441; x_wconf 92' lang='lat' dir='ltr'><strong>(ut</strong></span> <span class='ocrx_word' id='word_1_21' title='bbox 460 393 664 429; x_wconf 88' lang='lat' dir='ltr'><strong>coniectura</strong></span> <span class='ocrx_word' id='word_1_22' title='bbox 693 391 812 439; x_wconf 85' lang='lat' dir='ltr'>colligi</span> <span class='ocrx_word' id='word_1_23' title='bbox 839 391 938 439; x_wconf 83' lang='lat' dir='ltr'><strong>licet,</strong></span> <span class='ocrx_word' id='word_1_24' title='bbox 970 390 1093 440; x_wconf 89' lang='lat' dir='ltr'><strong>Valla)</strong></span> <span class='ocrx_word' id='word_1_25' title='bbox 1118 391 1180 436; x_wconf 89' lang='lat' dir='ltr'><strong>IX,</strong></span> <span class='ocrx_word' id='word_1_26' title='bbox 1201 392 1257 428; x_wconf 83' lang='lat'><strong>32.</strong></span> <span class='ocrx_word' id='word_1_27' title='bbox 1297 387 1347 433; x_wconf 81' lang='grc' dir='ltr'><strong>ὦς</strong></span> <span class='ocrx_word' id='word_1_28' title='bbox 1376 388 1553 438; x_wconf 73' lang='grc' dir='ltr'><strong>εἰκάσαιῆ</strong></span> 
     </span>
    </p>
   </div>
   <div class='ocr_carea' id='block_1_3' title="bbox 55 447 1553 500">
    <p class='ocr_par' dir='ltr' id='par_1_3' title="bbox 55 447 1553 500">
     <span class='ocr_line' id='line_1_5' title="bbox 55 447 1553 500; baseline -0.003 -12"><span class='ocrx_word' id='word_1_29' title='bbox 55 496 57 499; x_wconf 16' lang='grc' dir='ltr'><em>Α</em></span> <span class='ocrx_word' id='word_1_30' title='bbox 117 451 180 500; x_wconf 86' lang='lat' dir='ltr'><strong>(si,</strong></span> <span class='ocrx_word' id='word_1_31' title='bbox 211 452 268 487; x_wconf 85' lang='lat' dir='ltr'><strong>vel</strong></span> <span class='ocrx_word' id='word_1_32' title='bbox 299 454 473 498; x_wconf 89' lang='lat' dir='ltr'><strong>quantum</strong></span> <span class='ocrx_word' id='word_1_33' title='bbox 504 463 708 498; x_wconf 87' lang='lat' dir='ltr'><strong>comparare</strong></span> <span class='ocrx_word' id='word_1_34' title='bbox 739 449 840 498; x_wconf 89' lang='lat' dir='ltr'><strong>licet)</strong></span> <span class='ocrx_word' id='word_1_35' title='bbox 865 450 927 495; x_wconf 88' lang='lat' dir='ltr'><strong>IX,</strong></span> <span class='ocrx_word' id='word_1_36' title='bbox 948 452 1005 487; x_wconf 88' lang='lat'><strong>34.</strong></span> <span class='ocrx_word' id='word_1_37' title='bbox 1040 471 1083 477; x_wconf 85' lang='lat'><strong>——</strong></span> <span class='ocrx_word' id='word_1_38' title='bbox 1115 450 1165 494; x_wconf 71' lang='grc' dir='ltr'><strong>ὥς</strong></span> <span class='ocrx_word' id='word_1_39' title='bbox 1194 449 1270 498; x_wconf 64' lang='lat'>2⁵⁶³)</span> <span class='ocrx_word' id='word_1_40' title='bbox 1297 447 1392 486; x_wconf 82' lang='grc' dir='ltr'><em>εἶναι</em></span> <span class='ocrx_word' id='word_1_41' title='bbox 1419 447 1553 496; x_wconf 77' lang='grc' dir='ltr'><em>σμικρὰ</em></span> 
     </span>
    </p>
   </div>
   <div class='ocr_carea' id='block_1_4' title="bbox 116 506 1586 908">
    <p class='ocr_par' dir='ltr' id='par_1_4' title="bbox 116 506 1586 908">
     <span class='ocr_line' id='line_1_6' title="bbox 116 506 1555 557; baseline -0.001 -11"><span class='ocrx_word' id='word_1_42' title='bbox 116 515 229 547; x_wconf 79' lang='grc' dir='ltr'><strong><em>ταῦτα</em></strong></span> <span class='ocrx_word' id='word_1_43' title='bbox 250 508 441 557; x_wconf 81' lang='grc' dir='ltr'><em>μεγάλοισι</em></span> <span class='ocrx_word' id='word_1_44' title='bbox 462 511 663 556; x_wconf 77' lang='grc' dir='ltr'><strong><em>συμβαλεῖν</em></strong></span> <span class='ocrx_word' id='word_1_45' title='bbox 683 508 729 556; x_wconf 87' lang='lat' dir='ltr'><strong>II,</strong></span> <span class='ocrx_word' id='word_1_46' title='bbox 748 510 802 545; x_wconf 88' lang='lat'><strong>10.</strong></span> <span class='ocrx_word' id='word_1_47' title='bbox 819 529 865 535; x_wconf 88' lang='lat'>—</span> <span class='ocrx_word' id='word_1_48' title='bbox 883 506 932 552; x_wconf 81' lang='grc' dir='ltr'><strong>ὦς</strong></span> <span class='ocrx_word' id='word_1_49' title='bbox 957 507 1052 546; x_wconf 81' lang='grc' dir='ltr'><em>εἶναι</em></span> <span class='ocrx_word' id='word_1_50' title='bbox 1072 514 1185 546; x_wconf 81' lang='grc' dir='ltr'><strong><em>ταῦτα</em></strong></span> <span class='ocrx_word' id='word_1_51' title='bbox 1211 506 1344 556; x_wconf 78' lang='grc' dir='ltr'><em>σμικρὰ</em></span> <span class='ocrx_word' id='word_1_52' title='bbox 1365 506 1555 555; x_wconf 77' lang='grc' dir='ltr'><em>μεγάλοισι</em></span> 
     </span>
     <span class='ocr_line' id='line_1_7' title="bbox 119 565 1552 617; baseline -0.002 -11"><span class='ocrx_word' id='word_1_53' title='bbox 119 568 379 616; x_wconf 44' lang='grc' dir='ltr'><em>συμβάλλειν)</em></span> <span class='ocrx_word' id='word_1_54' title='bbox 405 569 466 614; x_wconf 90' lang='lat' dir='ltr'><strong>IV,</strong></span> <span class='ocrx_word' id='word_1_55' title='bbox 487 569 543 604; x_wconf 90' lang='lat'><strong>99.</strong></span> <span class='ocrx_word' id='word_1_56' title='bbox 572 588 613 595; x_wconf 95' lang='lat'>—</span> <span class='ocrx_word' id='word_1_57' title='bbox 643 565 692 610; x_wconf 75' lang='grc' dir='ltr'><strong>ὥς</strong></span> <span class='ocrx_word' id='word_1_58' title='bbox 717 567 785 613; x_wconf 81' lang='grc' dir='ltr'><strong>μέν</strong></span> <span class='ocrx_word' id='word_1_59' title='bbox 810 581 883 604; x_wconf 84' lang='grc' dir='ltr'><strong>νυν</strong></span> <span class='ocrx_word' id='word_1_60' title='bbox 908 568 949 604; x_wconf 77' lang='grc' dir='ltr'><strong>ἐν</strong></span> <span class='ocrx_word' id='word_1_61' title='bbox 975 568 1149 617; x_wconf 76' lang='grc' dir='ltr'><strong><em>ἐλαχίστῳ</em></strong></span> <span class='ocrx_word' id='word_1_62' title='bbox 1168 569 1339 614; x_wconf 62' lang='grc' dir='ltr'><em>»δηλῶσαι</em></span> <span class='ocrx_word' id='word_1_63' title='bbox 1364 567 1411 613; x_wconf 89' lang='lat'><strong>11,</strong></span> <span class='ocrx_word' id='word_1_64' title='bbox 1430 567 1488 603; x_wconf 81' lang='grc'><strong>24.</strong></span> <span class='ocrx_word' id='word_1_65' title='bbox 1508 587 1552 592; x_wconf 94' lang='grc'>-</span> 
     </span>
     <span class='ocr_line' id='line_1_8' title="bbox 119 622 1555 676; baseline -0.002 -11"><span class='ocrx_word' id='word_1_66' title='bbox 119 626 167 671; x_wconf 81' lang='grc' dir='ltr'><strong>ὡς</strong></span> <span class='ocrx_word' id='word_1_67' title='bbox 189 626 230 664; x_wconf 75' lang='grc' dir='ltr'><strong>δὲ</strong></span> <span class='ocrx_word' id='word_1_68' title='bbox 251 627 291 663; x_wconf 84' lang='grc' dir='ltr'><strong>ἐν</strong></span> <span class='ocrx_word' id='word_1_69' title='bbox 311 627 439 663; x_wconf 82' lang='grc' dir='ltr'><em>πλέονι</em></span> <span class='ocrx_word' id='word_1_70' title='bbox 460 624 557 674; x_wconf 79' lang='grc' dir='ltr'><em>λόγῳ</em></span> <span class='ocrx_word' id='word_1_71' title='bbox 579 626 743 673; x_wconf 77' lang='grc' dir='ltr'><em>δηλῶσαι</em></span> <span class='ocrx_word' id='word_1_72' title='bbox 763 625 810 672; x_wconf 91' lang='lat'><strong>11,</strong></span> <span class='ocrx_word' id='word_1_73' title='bbox 829 626 888 664; x_wconf 86' lang='lat'><strong>24.</strong></span> <span class='ocrx_word' id='word_1_74' title='bbox 906 646 947 651; x_wconf 98' lang='lat'><strong>—</strong></span> <span class='ocrx_word' id='word_1_75' title='bbox 968 622 1016 669; x_wconf 79' lang='grc' dir='ltr'><strong>ὡς</strong></span> <span class='ocrx_word' id='word_1_76' title='bbox 1036 623 1134 676; x_wconf 74' lang='grc' dir='ltr'><em>λόγῳ</em></span> <span class='ocrx_word' id='word_1_77' title='bbox 1156 624 1308 674; x_wconf 64' lang='grc' dir='ltr'>εἰπεῖνό)</span> <span class='ocrx_word' id='word_1_78' title='bbox 1327 625 1375 673; x_wconf 88' lang='lat' dir='ltr'><strong>H,</strong></span> <span class='ocrx_word' id='word_1_79' title='bbox 1397 625 1453 674; x_wconf 89' lang='lat'><strong>15,</strong></span> <span class='ocrx_word' id='word_1_80' title='bbox 1471 626 1555 672; x_wconf 85' lang='lat'><strong>1343</strong></span> 
     </span>
     <span class='ocr_line' id='line_1_9' title="bbox 117 682 1557 734; baseline -0.001 -11"><span class='ocrx_word' id='word_1_81' title='bbox 117 687 183 734; x_wconf 75' lang='grc' dir='ltr'>ΙΙΙ,</span> <span class='ocrx_word' id='word_1_82' title='bbox 204 688 237 723; x_wconf 90' lang='grc'><strong>6.</strong></span> <span class='ocrx_word' id='word_1_83' title='bbox 261 708 300 712; x_wconf 98' lang='grc'><strong>--</strong></span> <span class='ocrx_word' id='word_1_84' title='bbox 327 686 386 733; x_wconf 82' lang='lat' dir='ltr'><strong>sed</strong></span> <span class='ocrx_word' id='word_1_85' title='bbox 413 682 462 728; x_wconf 78' lang='grc' dir='ltr'><strong>ὡς</strong></span> <span class='ocrx_word' id='word_1_86' title='bbox 487 685 603 720; x_wconf 82' lang='grc' dir='ltr'><em>εἰπεῖν</em></span> <span class='ocrx_word' id='word_1_87' title='bbox 624 683 721 733; x_wconf 80' lang='grc' dir='ltr'><em>λόγῳ</em></span> <span class='ocrx_word' id='word_1_88' title='bbox 742 684 788 727; x_wconf 87' lang='lat'><strong>11,</strong></span> <span class='ocrx_word' id='word_1_89' title='bbox 810 686 867 730; x_wconf 85' lang='lat'><strong>37,</strong></span> <span class='ocrx_word' id='word_1_90' title='bbox 882 685 939 721; x_wconf 85' lang='lat'><strong>53.</strong></span> <span class='ocrx_word' id='word_1_91' title='bbox 981 684 1034 720; x_wconf 93' lang='lat' dir='ltr'><strong>De</strong></span> <span class='ocrx_word' id='word_1_92' title='bbox 1054 685 1160 721; x_wconf 86' lang='lat' dir='ltr'><strong>huius</strong></span> <span class='ocrx_word' id='word_1_93' title='bbox 1181 686 1353 721; x_wconf 83' lang='lat' dir='ltr'><strong>formulae</strong></span> <span class='ocrx_word' id='word_1_94' title='bbox 1373 697 1438 721; x_wconf 86' lang='lat' dir='ltr'><strong>usu</strong></span> <span class='ocrx_word' id='word_1_95' title='bbox 1456 683 1557 731; x_wconf 79' lang='lat' dir='ltr'><strong>Stein</strong></span> 
     </span>
     <span class='ocr_line' id='line_1_10' title="bbox 119 740 1556 792; baseline -0.002 -11"><span class='ocrx_word' id='word_1_96' title='bbox 119 746 163 782; x_wconf 87' lang='lat' dir='ltr'><strong>ad</strong></span> <span class='ocrx_word' id='word_1_97' title='bbox 189 745 236 792; x_wconf 93' lang='lat' dir='ltr'><strong>II,</strong></span> <span class='ocrx_word' id='word_1_98' title='bbox 256 746 300 780; x_wconf 82' lang='lat'><strong>21</strong></span> <span class='ocrx_word' id='word_1_99' title='bbox 328 744 460 790; x_wconf 90' lang='lat' dir='ltr'><strong>optime</strong></span> <span class='ocrx_word' id='word_1_100' title='bbox 486 745 604 779; x_wconf 88' lang='lat' dir='ltr'><strong>notat:</strong></span> <span class='ocrx_word' id='word_1_101' title='bbox 633 740 704 790; x_wconf 60' lang='grc' dir='ltr'><strong>ηὼς</strong></span> <span class='ocrx_word' id='word_1_102' title='bbox 733 741 831 792; x_wconf 77' lang='grc' dir='ltr'><em>λόγῳ</em></span> <span class='ocrx_word' id='word_1_103' title='bbox 863 744 979 779; x_wconf 79' lang='grc' dir='ltr'><strong><em>εἰπεῖν</em></strong></span> <span class='ocrx_word' id='word_1_104' title='bbox 1011 743 1210 790; x_wconf 82' lang='lat' dir='ltr'><strong>gebraucht</strong></span> <span class='ocrx_word' id='word_1_105' title='bbox 1238 744 1329 780; x_wconf 86' lang='lat' dir='ltr'><strong>auch</strong></span> <span class='ocrx_word' id='word_1_106' title='bbox 1354 742 1556 780; x_wconf 88' lang='lat' dir='ltr'><strong>Herodotos</strong></span> 
     </span>
     <span class='ocr_line' id='line_1_11' title="bbox 119 801 1556 851; baseline -0.001 -10"><span class='ocrx_word' id='word_1_107' title='bbox 119 817 187 841; x_wconf 90' lang='lat' dir='ltr'><strong>nur</strong></span> <span class='ocrx_word' id='word_1_108' title='bbox 218 817 277 840; x_wconf 89' lang='lat' dir='ltr'><strong>um</strong></span> <span class='ocrx_word' id='word_1_109' title='bbox 309 803 410 839; x_wconf 91' lang='lat' dir='ltr'><strong>einen</strong></span> <span class='ocrx_word' id='word_1_110' title='bbox 440 802 491 839; x_wconf 81' lang='lat' dir='ltr'><strong>im</strong></span> <span class='ocrx_word' id='word_1_111' title='bbox 522 801 700 851; x_wconf 83' lang='lat' dir='ltr'><strong>Umfange</strong></span> <span class='ocrx_word' id='word_1_112' title='bbox 730 802 1001 839; x_wconf 80' lang='lat' dir='ltr'><strong>iibertriebenen</strong></span> <span class='ocrx_word' id='word_1_113' title='bbox 1034 802 1221 839; x_wconf 82' lang='lat' dir='ltr'><strong>Ausdruck</strong></span> <span class='ocrx_word' id='word_1_114' title='bbox 1254 803 1308 839; x_wconf 92' lang='lat' dir='ltr'><strong>als</strong></span> <span class='ocrx_word' id='word_1_115' title='bbox 1339 802 1494 839; x_wconf 83' lang='lat' dir='ltr'><strong>solchen·</strong></span> <span class='ocrx_word' id='word_1_116' title='bbox 1514 816 1556 839; x_wconf 85' lang='lat' dir='ltr'><strong>zu</strong></span> 
     </span>
     <span class='ocr_line' id='line_1_12' title="bbox 116 854 1586 908; baseline -0.002 -8"><span class='ocrx_word' id='word_1_117' title='bbox 116 864 330 900; x_wconf 86' lang='lat' dir='ltr'>bezeichnen</span> <span class='ocrx_word' id='word_1_118' title='bbox 357 862 429 897; x_wconf 90' lang='lat' dir='ltr'>und</span> <span class='ocrx_word' id='word_1_119' title='bbox 455 875 498 897; x_wconf 89' lang='lat' dir='ltr'><strong>zu</strong></span> <span class='ocrx_word' id='word_1_120' title='bbox 518 861 819 908; x_wconf 85' lang='lat' dir='ltr'><strong>entschuldigen“.</strong></span> <span class='ocrx_word' id='word_1_121' title='bbox 871 861 1006 897; x_wconf 83' lang='lat' dir='ltr'><strong>Eodem</strong></span> <span class='ocrx_word' id='word_1_122' title='bbox 1027 861 1132 897; x_wconf 92' lang='lat' dir='ltr'><strong>modo</strong></span> <span class='ocrx_word' id='word_1_123' title='bbox 1153 854 1348 908; x_wconf 81' lang='lat' dir='ltr'><strong>nsurpatur</strong></span> <span class='ocrx_word' id='word_1_124' title='bbox 1372 859 1421 905; x_wconf 76' lang='grc' dir='ltr'><strong>ὡς</strong></span> <span class='ocrx_word' id='word_1_125' title='bbox 1441 862 1557 898; x_wconf 77' lang='grc' dir='ltr'><strong><em>εἰπεῖν</em></strong></span> <span class='ocrx_word' id='word_1_126' title='bbox 1584 884 1586 887; x_wconf 96' lang='grc'>-</span> 
     </span>
    </p>
   </div>
   <div class='ocr_carea' id='block_1_5' title="bbox 118 920 1556 1027">
    <p class='ocr_par' dir='ltr' id='par_1_5' title="bbox 118 920 1556 1027">
     <span class='ocr_line' id='line_1_13' title="bbox 118 920 1556 969; baseline 0 -12"><span class='ocrx_word' id='word_1_127' title='bbox 118 922 217 969; x_wconf 86' lang='lat' dir='ltr'>VIII,</span> <span class='ocrx_word' id='word_1_128' title='bbox 241 921 319 957; x_wconf 88' lang='grc'><strong>115.</strong></span> <span class='ocrx_word' id='word_1_129' title='bbox 364 920 526 956; x_wconf 82' lang='lat' dir='ltr'>Eandem</span> <span class='ocrx_word' id='word_1_130' title='bbox 552 921 742 956; x_wconf 87' lang='lat' dir='ltr'><strong>formulam</strong></span> <span class='ocrx_word' id='word_1_131' title='bbox 768 920 941 966; x_wconf 78' lang='lat' dir='ltr'>praebent</span> <span class='ocrx_word' id='word_1_132' title='bbox 961 920 1098 956; x_wconf 87' lang='lat' dir='ltr'><strong>codices</strong></span> <span class='ocrx_word' id='word_1_133' title='bbox 1118 920 1148 955; x_wconf 94' lang='lat' dir='ltr'>P</span> <span class='ocrx_word' id='word_1_134' title='bbox 1170 920 1201 956; x_wconf 87' lang='lat' dir='ltr'>R</span> <span class='ocrx_word' id='word_1_135' title='bbox 1227 922 1263 956; x_wconf 88' lang='lat' dir='ltr'><strong>et</strong></span> <span class='ocrx_word' id='word_1_136' title='bbox 1289 921 1397 957; x_wconf 90' lang='lat' dir='ltr'><strong>editio</strong></span> <span class='ocrx_word' id='word_1_137' title='bbox 1426 920 1556 957; x_wconf 83' lang='lat' dir='ltr'>Aldina</span> 
     </span>
     <span class='ocr_line' id='line_1_14' title="bbox 118 977 916 1027; baseline -0.004 -10"><span class='ocrx_word' id='word_1_138' title='bbox 118 981 183 1027; x_wconf 83' lang='grc' dir='ltr'><strong>ΙΙΙ,</strong></span> <span class='ocrx_word' id='word_1_139' title='bbox 208 981 287 1026; x_wconf 86' lang='lat'>140,</span> <span class='ocrx_word' id='word_1_140' title='bbox 319 979 493 1025; x_wconf 82' lang='lat' dir='ltr'>probante</span> <span class='ocrx_word' id='word_1_141' title='bbox 520 980 621 1025; x_wconf 87' lang='lat' dir='ltr'><strong>male,</strong></span> <span class='ocrx_word' id='word_1_142' title='bbox 647 981 745 1025; x_wconf 89' lang='lat' dir='ltr'><strong>puto,</strong></span> <span class='ocrx_word' id='word_1_143' title='bbox 772 977 916 1014; x_wconf 84' lang='lat' dir='ltr'><strong>Steinio.</strong></span> 
     </span>
    </p>
   </div>
   <div class='ocr_carea' id='block_1_6' title="bbox 523 1255 1163 1387">
    <p class='ocr_par' dir='ltr' id='par_1_6' title="bbox 523 1255 1163 1387">
     <span class='ocr_line' id='line_1_15' title="bbox 734 1255 945 1307; baseline 0 -12"><span class='ocrx_word' id='word_1_144' title='bbox 734 1255 869 1307; x_wconf 86' lang='lat' dir='ltr'><strong>Caput</strong></span> <span class='ocrx_word' id='word_1_145' title='bbox 898 1255 945 1295; x_wconf 91' lang='lat' dir='ltr'><strong>X.</strong></span> 
     </span>
     <span class='ocr_line' id='line_1_16' title="bbox 523 1341 1163 1387; baseline 0 -10"><span class='ocrx_word' id='word_1_146' title='bbox 523 1341 571 1377; x_wconf 73' lang='grc' dir='ltr'><strong>ὡς</strong></span> <span class='ocrx_word' id='word_1_147' title='bbox 603 1350 679 1377; x_wconf 90' lang='lat' dir='ltr'><strong>cum</strong></span> <span class='ocrx_word' id='word_1_148' title='bbox 704 1341 907 1387; x_wconf 71' lang='lat' dir='ltr'><strong>participiis</strong></span> <span class='ocrx_word' id='word_1_149' title='bbox 933 1341 1163 1378; x_wconf 85' lang='lat' dir='ltr'><strong>coniunctum.</strong></span> 
     </span>
    </p>
   </div>
   <div class='ocr_carea' id='block_1_7' title="bbox 124 1419 1561 1645">
    <p class='ocr_par' dir='ltr' id='par_1_7' title="bbox 124 1419 1561 1526">
     <span class='ocr_line' id='line_1_17' title="bbox 220 1419 1561 1468; baseline 0 -12"><span class='ocrx_word' id='word_1_150' title='bbox 220 1420 299 1457; x_wconf 90' lang='lat' dir='ltr'><strong>Hoc</strong></span> <span class='ocrx_word' id='word_1_151' title='bbox 325 1421 363 1456; x_wconf 93' lang='lat' dir='ltr'><strong>in</strong></span> <span class='ocrx_word' id='word_1_152' title='bbox 388 1420 504 1466; x_wconf 86' lang='lat' dir='ltr'><strong>capite</strong></span> <span class='ocrx_word' id='word_1_153' title='bbox 530 1419 692 1455; x_wconf 74' lang='lat' dir='ltr'><strong>tractabo</strong></span> <span class='ocrx_word' id='word_1_154' title='bbox 719 1420 818 1456; x_wconf 91' lang='lat' dir='ltr'><strong>locos</strong></span> <span class='ocrx_word' id='word_1_155' title='bbox 845 1422 986 1467; x_wconf 87' lang='lat' dir='ltr'><strong>praeter</strong></span> <span class='ocrx_word' id='word_1_156' title='bbox 1013 1433 1073 1456; x_wconf 89' lang='lat' dir='ltr'><strong>eos</strong></span> <span class='ocrx_word' id='word_1_157' title='bbox 1099 1421 1161 1468; x_wconf 90' lang='lat' dir='ltr'><strong>qui</strong></span> <span class='ocrx_word' id='word_1_158' title='bbox 1185 1421 1221 1456; x_wconf 94' lang='lat' dir='ltr'><strong>in</strong></span> <span class='ocrx_word' id='word_1_159' title='bbox 1245 1420 1332 1467; x_wconf 85' lang='lat' dir='ltr'><strong>Cap.</strong></span> <span class='ocrx_word' id='word_1_160' title='bbox 1348 1421 1428 1457; x_wconf 90' lang='lat' dir='ltr'>VII.</span> <span class='ocrx_word' id='word_1_161' title='bbox 1461 1422 1561 1457; x_wconf 83' lang='lat' dir='ltr'><strong>allati</strong></span> 
     </span>
     <span class='ocr_line' id='line_1_18' title="bbox 124 1475 1312 1526; baseline -0.002 -9"><span class='ocrx_word' id='word_1_162' title='bbox 124 1482 207 1517; x_wconf 86' lang='lat' dir='ltr'><strong>sunt</strong></span> <span class='ocrx_word' id='word_1_163' title='bbox 233 1491 356 1516; x_wconf 90' lang='lat' dir='ltr'><strong>omnes</strong></span> <span class='ocrx_word' id='word_1_164' title='bbox 382 1479 443 1515; x_wconf 90' lang='lat' dir='ltr'><strong>ubi</strong></span> <span class='ocrx_word' id='word_1_165' title='bbox 470 1475 519 1521; x_wconf 76' lang='grc' dir='ltr'><strong>ὥς</strong></span> <span class='ocrx_word' id='word_1_166' title='bbox 545 1491 625 1514; x_wconf 90' lang='lat' dir='ltr'><strong>cum</strong></span> <span class='ocrx_word' id='word_1_167' title='bbox 651 1478 841 1526; x_wconf 88' lang='lat' dir='ltr'><strong>participio</strong></span> <span class='ocrx_word' id='word_1_168' title='bbox 867 1479 1096 1516; x_wconf 89' lang='lat' dir='ltr'><strong>coniunctum</strong></span> <span class='ocrx_word' id='word_1_169' title='bbox 1122 1479 1312 1516; x_wconf 87' lang='lat' dir='ltr'><strong>invenitur.</strong></span> 
     </span>
    </p>

    <p class='ocr_par' dir='ltr' id='par_1_8' title="bbox 124 1537 1561 1645">
     <span class='ocr_line' id='line_1_19' title="bbox 222 1537 1561 1587; baseline 0 -12"><span class='ocrx_word' id='word_1_170' title='bbox 222 1540 276 1575; x_wconf 91' lang='lat' dir='ltr'><strong>De</strong></span> <span class='ocrx_word' id='word_1_171' title='bbox 301 1539 337 1574; x_wconf 83' lang='lat' dir='ltr'><strong>vi</strong></span> <span class='ocrx_word' id='word_1_172' title='bbox 363 1538 559 1584; x_wconf 83' lang='lat' dir='ltr'><strong>particulae</strong></span> <span class='ocrx_word' id='word_1_173' title='bbox 584 1538 623 1572; x_wconf 89' lang='lat' dir='ltr'><strong>in</strong></span> <span class='ocrx_word' id='word_1_174' title='bbox 649 1537 716 1573; x_wconf 92' lang='lat' dir='ltr'><strong>hac</strong></span> <span class='ocrx_word' id='word_1_175' title='bbox 738 1539 1002 1576; x_wconf 88' lang='lat' dir='ltr'><strong>constructione</strong></span> <span class='ocrx_word' id='word_1_176' title='bbox 1022 1539 1249 1574; x_wconf 89' lang='lat' dir='ltr'><strong>consentiunt</strong></span> <span class='ocrx_word' id='word_1_177' title='bbox 1268 1540 1363 1575; x_wconf 89' lang='lat' dir='ltr'><strong>inter</strong></span> <span class='ocrx_word' id='word_1_178' title='bbox 1386 1552 1424 1575; x_wconf 90' lang='lat' dir='ltr'><strong>se</strong></span> <span class='ocrx_word' id='word_1_179' title='bbox 1445 1551 1561 1587; x_wconf 86' lang='lat' dir='ltr'><strong>gram-</strong></span> 
     </span>
     <span class='ocr_line' id='line_1_20' title="bbox 124 1597 1561 1645; baseline 0 -11"><span class='ocrx_word' id='word_1_180' title='bbox 124 1597 262 1644; x_wconf 79' lang='lat' dir='ltr'><strong>matici3</strong></span> <span class='ocrx_word' id='word_1_181' title='bbox 296 1609 379 1632; x_wconf 88' lang='lat' dir='ltr'><strong>nam</strong></span> <span class='ocrx_word' id='word_1_182' title='bbox 411 1608 550 1643; x_wconf 85' lang='lat' dir='ltr'><strong>omnes,</strong></span> <span class='ocrx_word' id='word_1_183' title='bbox 581 1598 755 1642; x_wconf 85' lang='lat' dir='ltr'><strong>quantum</strong></span> <span class='ocrx_word' id='word_1_184' title='bbox 787 1597 877 1639; x_wconf 86' lang='lat' dir='ltr'><strong>scio,</strong></span> <span class='ocrx_word' id='word_1_185' title='bbox 911 1598 1075 1632; x_wconf 88' lang='lat' dir='ltr'><strong>statuunt</strong></span> <span class='ocrx_word' id='word_1_186' title='bbox 1106 1609 1183 1633; x_wconf 88' lang='lat' dir='ltr'><strong>eam</strong></span> <span class='ocrx_word' id='word_1_187' title='bbox 1216 1597 1371 1633; x_wconf 90' lang='lat' dir='ltr'><strong>indicare</strong></span> <span class='ocrx_word' id='word_1_188' title='bbox 1400 1598 1436 1633; x_wconf 90' lang='lat' dir='ltr'><strong>id</strong></span> <span class='ocrx_word' id='word_1_189' title='bbox 1467 1599 1561 1645; x_wconf 88' lang='lat' dir='ltr'><strong>quod</strong></span> 
     </span>
    </p>
   </div>
   <div class='ocr_carea' id='block_1_8' title="bbox 127 1688 358 1693">
    <p class='ocr_par' dir='ltr' id='par_1_9' title="bbox 127 1688 358 1693">
     <span class='ocr_line' id='line_1_21' title="bbox 127 1688 358 1693; baseline 0 0"><span class='ocrx_word' id='word_1_190' title='bbox 127 1688 358 1693; x_wconf 95' lang='lat' dir='ltr'><strong> </strong></span> 
     </span>
    </p>
   </div>
   <div class='ocr_carea' id='block_1_9' title="bbox 124 1739 1574 2419">
    <p class='ocr_par' dir='ltr' id='par_1_10' title="bbox 125 1739 1560 1872">
     <span class='ocr_line' id='line_1_22' title="bbox 225 1739 1560 1781; baseline 0.001 -9"><span class='ocrx_word' id='word_1_191' title='bbox 225 1744 253 1781; x_wconf 92' lang='lat'><strong>1)</strong></span> <span class='ocrx_word' id='word_1_192' title='bbox 274 1742 333 1772; x_wconf 92' lang='lat' dir='ltr'><strong>Pro</strong></span> <span class='ocrx_word' id='word_1_193' title='bbox 355 1739 521 1771; x_wconf 78' lang='grc' dir='ltr'><strong><em>ἐπεικάσαι</em></strong></span> <span class='ocrx_word' id='word_1_194' title='bbox 537 1741 647 1779; x_wconf 82' lang='lat' dir='ltr'><strong>legunt</strong></span> <span class='ocrx_word' id='word_1_195' title='bbox 663 1741 784 1772; x_wconf 82' lang='lat' dir='ltr'><strong>codices</strong></span> <span class='ocrx_word' id='word_1_196' title='bbox 802 1741 928 1780; x_wconf 84' lang='lat' dir='ltr'><strong>quidam</strong></span> <span class='ocrx_word' id='word_1_197' title='bbox 948 1742 1001 1772; x_wconf 88' lang='lat' dir='ltr'><strong>sed</strong></span> <span class='ocrx_word' id='word_1_198' title='bbox 1021 1751 1082 1772; x_wconf 92' lang='lat' dir='ltr'>non</span> <span class='ocrx_word' id='word_1_199' title='bbox 1098 1742 1207 1781; x_wconf 87' lang='lat' dir='ltr'><strong>optimi</strong></span> <span class='ocrx_word' id='word_1_200' title='bbox 1223 1740 1403 1773; x_wconf 74' lang='grc' dir='ltr'><em>ἀπεικάσαι.</em></span> <span class='ocrx_word' id='word_1_201' title='bbox 1428 1740 1560 1774; x_wconf 87' lang='lat' dir='ltr'>Verbum</span> 
     </span>
     <span class='ocr_line' id='line_1_23' title="bbox 126 1789 1560 1831; baseline 0.001 -8"><span class='ocrx_word' id='word_1_202' title='bbox 126 1792 193 1823; x_wconf 82' lang='grc' dir='ltr'>ε’στί</span> <span class='ocrx_word' id='word_1_203' title='bbox 210 1792 292 1831; x_wconf 88' lang='lat' dir='ltr'><strong>quod</strong></span> <span class='ocrx_word' id='word_1_204' title='bbox 313 1791 436 1822; x_wconf 86' lang='lat' dir='ltr'><strong>codices</strong></span> <span class='ocrx_word' id='word_1_205' title='bbox 456 1790 584 1829; x_wconf 89' lang='lat' dir='ltr'><strong>plurimi</strong></span> <span class='ocrx_word' id='word_1_206' title='bbox 605 1793 676 1830; x_wconf 80' lang='lat' dir='ltr'><strong>post</strong></span> <span class='ocrx_word' id='word_1_207' title='bbox 697 1789 863 1821; x_wconf 79' lang='grc' dir='ltr'><strong><em>ἐπεικάσαι</em></strong></span> <span class='ocrx_word' id='word_1_208' title='bbox 884 1791 933 1821; x_wconf 92' lang='lat' dir='ltr'><strong>vel</strong></span> <span class='ocrx_word' id='word_1_209' title='bbox 955 1789 1123 1821; x_wconf 75' lang='grc' dir='ltr'><em>ἀπεικάσαι</em></span> <span class='ocrx_word' id='word_1_210' title='bbox 1145 1793 1301 1830; x_wconf 84' lang='lat' dir='ltr'>praebent,</span> <span class='ocrx_word' id='word_1_211' title='bbox 1324 1792 1456 1823; x_wconf 84' lang='lat' dir='ltr'><strong>editores</strong></span> <span class='ocrx_word' id='word_1_212' title='bbox 1477 1794 1560 1824; x_wconf 70' lang='lat' dir='ltr'><strong>reete</strong></span> 
     </span>
     <span class='ocr_line' id='line_1_24' title="bbox 125 1839 1173 1872; baseline -0.001 0"><span class='ocrx_word' id='word_1_213' title='bbox 125 1842 280 1872; x_wconf 70' lang='lat' dir='ltr'><strong>omittunt</strong></span> <span class='ocrx_word' id='word_1_214' title='bbox 1171 1839 1173 1842; x_wconf 81' lang='grc'><strong>’</strong></span> 
     </span>
    </p>

    <p class='ocr_par' dir='ltr' id='par_1_11' title="bbox 124 1887 1564 2069">
     <span class='ocr_line' id='line_1_25' title="bbox 223 1887 1562 1930; baseline 0.001 -9"><span class='ocrx_word' id='word_1_215' title='bbox 223 1893 253 1929; x_wconf 83' lang='grc'><strong>2)</strong></span> <span class='ocrx_word' id='word_1_216' title='bbox 274 1891 332 1920; x_wconf 92' lang='lat' dir='ltr'><strong>Pro</strong></span> <span class='ocrx_word' id='word_1_217' title='bbox 354 1887 535 1927; x_wconf 75' lang='grc' dir='ltr'><strong><em>αἰτεόμενος</em></strong></span> <span class='ocrx_word' id='word_1_218' title='bbox 560 1889 702 1919; x_wconf 89' lang='lat' dir='ltr'><strong>codicum</strong></span> <span class='ocrx_word' id='word_1_219' title='bbox 728 1888 800 1928; x_wconf 85' lang='lat' dir='ltr'><strong>lego</strong></span> <span class='ocrx_word' id='word_1_220' title='bbox 823 1888 974 1920; x_wconf 86' lang='lat' dir='ltr'><strong>Steinium</strong></span> <span class='ocrx_word' id='word_1_221' title='bbox 999 1899 1128 1928; x_wconf 79' lang='lat' dir='ltr'><strong>ecquem</strong></span> <span class='ocrx_word' id='word_1_222' title='bbox 1153 1889 1362 1930; x_wconf 72' lang='grc' dir='ltr'><strong><em>αἰτεομένους.</em></strong></span> <span class='ocrx_word' id='word_1_223' title='bbox 1405 1891 1437 1921; x_wconf 87' lang='lat' dir='ltr'><strong>Si</strong></span> <span class='ocrx_word' id='word_1_224' title='bbox 1457 1893 1562 1922; x_wconf 83' lang='lat' dir='ltr'><strong>autem</strong></span> 
     </span>
     <span class='ocr_line' id='line_1_26' title="bbox 125 1937 1560 1977; baseline -0.001 -6"><span class='ocrx_word' id='word_1_225' title='bbox 125 1941 333 1971; x_wconf 87' lang='lat' dir='ltr'><strong>coniecturam</strong></span> <span class='ocrx_word' id='word_1_226' title='bbox 349 1939 469 1969; x_wconf 83' lang='lat' dir='ltr'><strong>Reiskii</strong></span> <span class='ocrx_word' id='word_1_227' title='bbox 484 1937 671 1977; x_wconf 69' lang='grc' dir='ltr'><strong><em>αἰτεόμενον</em></strong></span> <span class='ocrx_word' id='word_1_228' title='bbox 687 1939 842 1977; x_wconf 85' lang='lat' dir='ltr'><strong>acceperis</strong></span> <span class='ocrx_word' id='word_1_229' title='bbox 858 1940 891 1969; x_wconf 90' lang='lat' dir='ltr'><strong>et</strong></span> <span class='ocrx_word' id='word_1_230' title='bbox 906 1937 946 1973; x_wconf 83' lang='grc' dir='ltr'><strong>ὡς</strong></span> <span class='ocrx_word' id='word_1_231' title='bbox 962 1937 1085 1969; x_wconf 77' lang='grc' dir='ltr'><em>εἰκάσαι</em></span> <span class='ocrx_word' id='word_1_232' title='bbox 1106 1948 1196 1969; x_wconf 87' lang='lat' dir='ltr'><strong>sensu</strong></span> <span class='ocrx_word' id='word_1_233' title='bbox 1218 1940 1265 1969; x_wconf 87' lang='lat' dir='ltr'><strong>‘ut</strong></span> <span class='ocrx_word' id='word_1_234' title='bbox 1285 1941 1458 1971; x_wconf 86' lang='lat' dir='ltr'><strong>coniectare</strong></span> <span class='ocrx_word' id='word_1_235' title='bbox 1473 1940 1560 1970; x_wconf 90' lang='lat' dir='ltr'><strong>licet’</strong></span> 
     </span>
     <span class='ocr_line' id='line_1_27' title="bbox 126 1982 1564 2026; baseline 0 -7"><span class='ocrx_word' id='word_1_236' title='bbox 126 1988 329 2025; x_wconf 81' lang='lat' dir='ltr'><strong>intellexeris,</strong></span> <span class='ocrx_word' id='word_1_237' title='bbox 351 1988 427 2018; x_wconf 89' lang='lat' dir='ltr'><strong>locis</strong></span> <span class='ocrx_word' id='word_1_238' title='bbox 447 1987 480 2017; x_wconf 89' lang='lat' dir='ltr'><strong>in</strong></span> <span class='ocrx_word' id='word_1_239' title='bbox 501 1987 680 2025; x_wconf 84' lang='lat' dir='ltr'><strong>parenthesi</strong></span> <span class='ocrx_word' id='word_1_240' title='bbox 701 1987 824 2025; x_wconf 87' lang='lat' dir='ltr'><strong>positis,</strong></span> <span class='ocrx_word' id='word_1_241' title='bbox 847 1988 883 2016; x_wconf 90' lang='lat' dir='ltr'><strong>de</strong></span> <span class='ocrx_word' id='word_1_242' title='bbox 905 1987 1016 2023; x_wconf 89' lang='lat' dir='ltr'><strong>quibus</strong></span> <span class='ocrx_word' id='word_1_243' title='bbox 1038 1987 1070 2017; x_wconf 90' lang='lat' dir='ltr'><strong>in</strong></span> <span class='ocrx_word' id='word_1_244' title='bbox 1092 1987 1165 2026; x_wconf 85' lang='lat' dir='ltr'><strong>Cap.</strong></span> <span class='ocrx_word' id='word_1_245' title='bbox 1182 1988 1210 2017; x_wconf 93' lang='lat'><strong>11</strong></span> <span class='ocrx_word' id='word_1_246' title='bbox 1232 1988 1353 2026; x_wconf 79' lang='lat' dir='ltr'><strong>scripsi,</strong></span> <span class='ocrx_word' id='word_1_247' title='bbox 1379 1989 1461 2019; x_wconf 90' lang='lat' dir='ltr'><strong>hunc</strong></span> <span class='ocrx_word' id='word_1_248' title='bbox 1482 1982 1564 2019; x_wconf 54' lang='lat' dir='ltr'><strong>comss</strong></span> 
     </span>
     <span class='ocr_line' id='line_1_28' title="bbox 124 2039 456 2069; baseline -0.009 0"><span class='ocrx_word' id='word_1_249' title='bbox 124 2039 245 2069; x_wconf 85' lang='lat' dir='ltr'><strong>modius</strong></span> <span class='ocrx_word' id='word_1_250' title='bbox 265 2046 456 2067; x_wconf 81' lang='lat' dir='ltr'>annumeres.</span> 
     </span>
    </p>

    <p class='ocr_par' dir='ltr' id='par_1_12' title="bbox 127 2082 1566 2272">
     <span class='ocr_line' id='line_1_29' title="bbox 225 2082 1564 2131; baseline 0 -15"><span class='ocrx_word' id='word_1_251' title='bbox 225 2089 255 2125; x_wconf 87' lang='lat'><strong>3)</strong></span> <span class='ocrx_word' id='word_1_252' title='bbox 285 2084 327 2131; x_wconf 61' lang='grc' dir='ltr'><strong>οἷς</strong></span> <span class='ocrx_word' id='word_1_253' title='bbox 356 2096 390 2124; x_wconf 76' lang='grc' dir='ltr'><strong>γε</strong></span> <span class='ocrx_word' id='word_1_254' title='bbox 422 2095 477 2124; x_wconf 86' lang='lat' dir='ltr'><strong>pro</strong></span> <span class='ocrx_word' id='word_1_255' title='bbox 508 2082 585 2115; x_wconf 75' lang='grc' dir='ltr'>ὥστε</span> <span class='ocrx_word' id='word_1_256' title='bbox 619 2084 760 2115; x_wconf 88' lang='lat' dir='ltr'><strong>codicum</strong></span> <span class='ocrx_word' id='word_1_257' title='bbox 796 2084 981 2122; x_wconf 88' lang='lat' dir='ltr'><strong>optimorum</strong></span> <span class='ocrx_word' id='word_1_258' title='bbox 1019 2085 1158 2115; x_wconf 88' lang='lat' dir='ltr'><strong>scribunt</strong></span> <span class='ocrx_word' id='word_1_259' title='bbox 1193 2085 1327 2115; x_wconf 81' lang='lat' dir='ltr'><strong>editores</strong></span> <span class='ocrx_word' id='word_1_260' title='bbox 1357 2095 1419 2116; x_wconf 90' lang='lat' dir='ltr'>non</span> <span class='ocrx_word' id='word_1_261' title='bbox 1447 2095 1564 2124; x_wconf 87' lang='lat' dir='ltr'><strong>omnes,</strong></span> 
     </span>
     <span class='ocr_line' id='line_1_30' title="bbox 127 2130 1565 2173; baseline 0.001 -8"><span class='ocrx_word' id='word_1_262' title='bbox 127 2135 418 2173; x_wconf 80' lang='lat' dir='ltr'><strong>Schweighaeusero</strong></span> <span class='ocrx_word' id='word_1_263' title='bbox 443 2135 619 2173; x_wconf 85' lang='lat' dir='ltr'><strong>praeeunte.</strong></span> <span class='ocrx_word' id='word_1_264' title='bbox 661 2133 838 2164; x_wconf 86' lang='lat' dir='ltr'><strong>Lectionem</strong></span> <span class='ocrx_word' id='word_1_265' title='bbox 865 2130 942 2164; x_wconf 69' lang='grc' dir='ltr'><strong>ὥστε</strong></span> <span class='ocrx_word' id='word_1_266' title='bbox 969 2134 1117 2173; x_wconf 86' lang='lat' dir='ltr'><strong>exemplis</strong></span> <span class='ocrx_word' id='word_1_267' title='bbox 1139 2143 1158 2164; x_wconf 86' lang='lat' dir='ltr'><strong>a</strong></span> <span class='ocrx_word' id='word_1_268' title='bbox 1180 2134 1309 2164; x_wconf 86' lang='lat' dir='ltr'><strong>Baehrio</strong></span> <span class='ocrx_word' id='word_1_269' title='bbox 1330 2135 1370 2165; x_wconf 86' lang='lat' dir='ltr'><strong>ad</strong></span> <span class='ocrx_word' id='word_1_270' title='bbox 1391 2136 1493 2166; x_wconf 88' lang='lat' dir='ltr'><strong>locum</strong></span> <span class='ocrx_word' id='word_1_271' title='bbox 1514 2136 1565 2167; x_wconf 87' lang='lat' dir='ltr'><strong>vel</strong></span> 
     </span>
     <span class='ocr_line' id='line_1_31' title="bbox 127 2182 1566 2222; baseline 0 -7"><span class='ocrx_word' id='word_1_272' title='bbox 127 2195 146 2215; x_wconf 86' lang='lat' dir='ltr'><strong>a</strong></span> <span class='ocrx_word' id='word_1_273' title='bbox 167 2184 370 2215; x_wconf 82' lang='lat' dir='ltr'><strong>Stallbaumio</strong></span> <span class='ocrx_word' id='word_1_274' title='bbox 396 2184 435 2214; x_wconf 90' lang='lat' dir='ltr'><strong>ad</strong></span> <span class='ocrx_word' id='word_1_275' title='bbox 461 2184 541 2213; x_wconf 85' lang='lat' dir='ltr'><strong>Plat.</strong></span> <span class='ocrx_word' id='word_1_276' title='bbox 563 2183 693 2213; x_wconf 84' lang='lat' dir='ltr'><strong>Phaedr.</strong></span> <span class='ocrx_word' id='word_1_277' title='bbox 716 2182 810 2213; x_wconf 78' lang='lat' dir='ltr'>230ss</span> <span class='ocrx_word' id='word_1_278' title='bbox 831 2183 968 2214; x_wconf 84' lang='lat' dir='ltr'><strong>collectis</strong></span> <span class='ocrx_word' id='word_1_279' title='bbox 993 2183 1117 2214; x_wconf 80' lang='lat' dir='ltr'><strong>defendi</strong></span> <span class='ocrx_word' id='word_1_280' title='bbox 1141 2193 1203 2214; x_wconf 93' lang='lat' dir='ltr'>non</span> <span class='ocrx_word' id='word_1_281' title='bbox 1229 2192 1320 2222; x_wconf 85' lang='lat' dir='ltr'><strong>posse</strong></span> <span class='ocrx_word' id='word_1_282' title='bbox 1346 2182 1566 2216; x_wconf 84' lang='lat' dir='ltr'><strong>animadvertit</strong></span> 
     </span>
     <span class='ocr_line' id='line_1_32' title="bbox 128 2233 550 2272; baseline -0.005 -8"><span class='ocrx_word' id='word_1_283' title='bbox 128 2234 194 2264; x_wconf 88' lang='lat' dir='ltr'><strong>iure</strong></span> <span class='ocrx_word' id='word_1_284' title='bbox 215 2234 381 2264; x_wconf 87' lang='lat' dir='ltr'><strong>Heilmann</strong></span> <span class='ocrx_word' id='word_1_285' title='bbox 402 2234 422 2264; x_wconf 91' lang='lat' dir='ltr'><strong>l.</strong></span> <span class='ocrx_word' id='word_1_286' title='bbox 438 2233 458 2264; x_wconf 86' lang='lat'><strong>1.</strong></span> <span class='ocrx_word' id='word_1_287' title='bbox 476 2243 505 2272; x_wconf 89' lang='lat' dir='ltr'><strong>p.</strong></span> <span class='ocrx_word' id='word_1_288' title='bbox 523 2237 550 2263; x_wconf 89' lang='lat'><strong>6.</strong></span> 
     </span>
    </p>

    <p class='ocr_par' dir='ltr' id='par_1_13' title="bbox 128 2281 1574 2419">
     <span class='ocr_line' id='line_1_33' title="bbox 226 2281 1564 2322; baseline 0 -9"><span class='ocrx_word' id='word_1_289' title='bbox 226 2284 257 2322; x_wconf 82' lang='lat'><strong>4)</strong></span> <span class='ocrx_word' id='word_1_290' title='bbox 278 2283 329 2313; x_wconf 90' lang='lat' dir='ltr'><strong>Sic</strong></span> <span class='ocrx_word' id='word_1_291' title='bbox 351 2282 437 2313; x_wconf 83' lang='lat' dir='ltr'><strong>Stein</strong></span> <span class='ocrx_word' id='word_1_292' title='bbox 458 2292 474 2312; x_wconf 90' lang='lat' dir='ltr'><strong>e</strong></span> <span class='ocrx_word' id='word_1_293' title='bbox 497 2282 637 2313; x_wconf 79' lang='lat' dir='ltr'><strong>codicum</strong></span> <span class='ocrx_word' id='word_1_294' title='bbox 658 2284 781 2320; x_wconf 86' lang='lat' dir='ltr'><strong>praeter</strong></span> <span class='ocrx_word' id='word_1_295' title='bbox 796 2281 823 2311; x_wconf 87' lang='lat' dir='ltr'>R</span> <span class='ocrx_word' id='word_1_296' title='bbox 840 2282 976 2312; x_wconf 86' lang='lat' dir='ltr'><strong>omnium</strong></span> <span class='ocrx_word' id='word_1_297' title='bbox 998 2282 1192 2312; x_wconf 80' lang='lat' dir='ltr'><strong>auctoritate.</strong></span> <span class='ocrx_word' id='word_1_298' title='bbox 1225 2282 1274 2312; x_wconf 87' lang='lat' dir='ltr'><strong>Me</strong></span> <span class='ocrx_word' id='word_1_299' title='bbox 1290 2282 1393 2312; x_wconf 78' lang='lat' dir='ltr'><strong>autem</strong></span> <span class='ocrx_word' id='word_1_300' title='bbox 1411 2292 1483 2313; x_wconf 88' lang='lat' dir='ltr'><strong>usus</strong></span> <span class='ocrx_word' id='word_1_301' title='bbox 1500 2283 1564 2313; x_wconf 79' lang='lat' dir='ltr'><strong>fere</strong></span> 
     </span>
     <span class='ocr_line' id='line_1_34' title="bbox 128 2326 1574 2371; baseline -0.001 -9"><span class='ocrx_word' id='word_1_302' title='bbox 128 2333 272 2363; x_wconf 84' lang='lat' dir='ltr'><strong>constans</strong></span> <span class='ocrx_word' id='word_1_303' title='bbox 300 2331 446 2362; x_wconf 87' lang='lat' dir='ltr'><strong>infinitivi</strong></span> <span class='ocrx_word' id='word_1_304' title='bbox 466 2331 574 2362; x_wconf 81' lang='lat' dir='ltr'><strong>aoristi</strong></span> <span class='ocrx_word' id='word_1_305' title='bbox 595 2330 747 2360; x_wconf 84' lang='lat' dir='ltr'><strong>similibus</strong></span> <span class='ocrx_word' id='word_1_306' title='bbox 770 2330 847 2361; x_wconf 87' lang='lat' dir='ltr'><strong>locis</strong></span> <span class='ocrx_word' id='word_1_307' title='bbox 868 2331 995 2362; x_wconf 86' lang='lat' dir='ltr'><strong>adducit</strong></span> <span class='ocrx_word' id='word_1_308' title='bbox 1014 2332 1049 2361; x_wconf 91' lang='lat' dir='ltr'><strong>ut</strong></span> <span class='ocrx_word' id='word_1_309' title='bbox 1068 2330 1241 2370; x_wconf 77' lang='lat' dir='ltr'><strong>praeferam</strong></span> <span class='ocrx_word' id='word_1_310' title='bbox 1263 2330 1457 2371; x_wconf 72' lang='grc' dir='ltr'><em>συμβαλέειν,</em></span> <span class='ocrx_word' id='word_1_311' title='bbox 1480 2326 1574 2370; x_wconf 61' lang='grc' dir='ltr'><em>(ιιιοᾶ</em></span> 
     </span>
     <span class='ocr_line' id='line_1_35' title="bbox 128 2379 1155 2419; baseline -0.001 -8"><span class='ocrx_word' id='word_1_312' title='bbox 128 2391 144 2412; x_wconf 90' lang='lat' dir='ltr'><strong>e</strong></span> <span class='ocrx_word' id='word_1_313' title='bbox 165 2381 272 2411; x_wconf 87' lang='lat' dir='ltr'><strong>codice</strong></span> <span class='ocrx_word' id='word_1_314' title='bbox 292 2381 321 2410; x_wconf 87' lang='lat' dir='ltr'>R</span> <span class='ocrx_word' id='word_1_315' title='bbox 341 2380 493 2417; x_wconf 66' lang='lat' dir='ltr'><strong>Gaisfflrd,</strong></span> <span class='ocrx_word' id='word_1_316' title='bbox 514 2379 625 2416; x_wconf 83' lang='lat' dir='ltr'><strong>Baehr,</strong></span> <span class='ocrx_word' id='word_1_317' title='bbox 648 2379 786 2416; x_wconf 84' lang='lat' dir='ltr'><strong>Diudorf,</strong></span> <span class='ocrx_word' id='word_1_318' title='bbox 808 2380 945 2418; x_wconf 84' lang='lat' dir='ltr'><strong>Krueger</strong></span> <span class='ocrx_word' id='word_1_319' title='bbox 965 2380 1155 2419; x_wconf 84' lang='lat' dir='ltr'><strong>receperunt.</strong></span> 
     </span>
    </p>
   </div>
   <div class='ocr_carea' id='block_1_10' title="bbox 228 2414 1624 2468">
    <p class='ocr_par' dir='ltr' id='par_1_14' title="bbox 228 2414 1624 2468">
     <span class='ocr_line' id='line_1_36' title="bbox 228 2414 1624 2468; baseline 0.001 -9"><span class='ocrx_word' id='word_1_320' title='bbox 228 2431 257 2468; x_wconf 87' lang='lat'><strong>5)</strong></span> <span class='ocrx_word' id='word_1_321' title='bbox 279 2430 365 2459; x_wconf 85' lang='lat' dir='ltr'><strong>Hanc</strong></span> <span class='ocrx_word' id='word_1_322' title='bbox 392 2429 557 2459; x_wconf 76' lang='lat' dir='ltr'><strong>formulam</strong></span> <span class='ocrx_word' id='word_1_323' title='bbox 573 2428 738 2458; x_wconf 83' lang='lat' dir='ltr'><strong>Heilmann</strong></span> <span class='ocrx_word' id='word_1_324' title='bbox 765 2428 798 2466; x_wconf 76' lang='lat'><strong>(1.</strong></span> <span class='ocrx_word' id='word_1_325' title='bbox 810 2428 830 2458; x_wconf 92' lang='lat' dir='ltr'><strong>l.</strong></span> <span class='ocrx_word' id='word_1_326' title='bbox 842 2438 871 2467; x_wconf 92' lang='lat' dir='ltr'><strong>p.</strong></span> <span class='ocrx_word' id='word_1_327' title='bbox 885 2430 916 2466; x_wconf 84' lang='lat'><strong>5)</strong></span> <span class='ocrx_word' id='word_1_328' title='bbox 942 2428 1170 2467; x_wconf 84' lang='lat' dir='ltr'><strong>interpretatur,</strong></span> <span class='ocrx_word' id='word_1_329' title='bbox 1199 2428 1247 2458; x_wconf 82' lang='lat' dir='ltr'><strong>‘ut</strong></span> <span class='ocrx_word' id='word_1_330' title='bbox 1266 2428 1388 2466; x_wconf 84' lang='lat' dir='ltr'><strong>vulgari</strong></span> <span class='ocrx_word' id='word_1_331' title='bbox 1403 2429 1564 2467; x_wconf 88' lang='lat' dir='ltr'><strong>proverbio</strong></span> <span class='ocrx_word' id='word_1_332' title='bbox 1623 2414 1624 2417; x_wconf 13' lang='grc' dir='ltr'><strong>Ἰ</strong></span> 
     </span>
    </p>
   </div>
   <div class='ocr_carea' id='block_1_11' title="bbox 128 2476 1564 2519">
    <p class='ocr_par' dir='ltr' id='par_1_15' title="bbox 128 2476 1564 2519">
     <span class='ocr_line' id='line_1_37' title="bbox 128 2476 1564 2519; baseline 0 -10"><span class='ocrx_word' id='word_1_333' title='bbox 128 2478 222 2519; x_wconf 79' lang='lat' dir='ltr'><strong>utar’.</strong></span> <span class='ocrx_word' id='word_1_334' title='bbox 263 2477 341 2509; x_wconf 84' lang='lat' dir='ltr'><strong>Mihi</strong></span> <span class='ocrx_word' id='word_1_335' title='bbox 366 2478 471 2508; x_wconf 88' lang='lat' dir='ltr'><strong>autem</strong></span> <span class='ocrx_word' id='word_1_336' title='bbox 501 2477 623 2508; x_wconf 87' lang='lat' dir='ltr'><strong>videtur</strong></span> <span class='ocrx_word' id='word_1_337' title='bbox 653 2477 730 2507; x_wconf 84' lang='lat' dir='ltr'><strong>haec</strong></span> <span class='ocrx_word' id='word_1_338' title='bbox 757 2477 973 2516; x_wconf 85' lang='lat' dir='ltr'><strong>interpretatio</strong></span> <span class='ocrx_word' id='word_1_339' title='bbox 1000 2487 1102 2516; x_wconf 87' lang='lat' dir='ltr'><strong>neque</strong></span> <span class='ocrx_word' id='word_1_340' title='bbox 1127 2476 1160 2507; x_wconf 91' lang='lat' dir='ltr'><strong>in</strong></span> <span class='ocrx_word' id='word_1_341' title='bbox 1180 2476 1218 2514; x_wconf 85' lang='grc' dir='ltr'><strong>ΙΙ,</strong></span> <span class='ocrx_word' id='word_1_342' title='bbox 1237 2479 1274 2507; x_wconf 83' lang='grc'><strong>15</strong></span> <span class='ocrx_word' id='word_1_343' title='bbox 1296 2486 1394 2516; x_wconf 88' lang='lat' dir='ltr'><strong>neque</strong></span> <span class='ocrx_word' id='word_1_344' title='bbox 1423 2478 1455 2508; x_wconf 92' lang='lat' dir='ltr'><strong>in</strong></span> <span class='ocrx_word' id='word_1_345' title='bbox 1476 2477 1530 2516; x_wconf 87' lang='lat'>111,</span> <span class='ocrx_word' id='word_1_346' title='bbox 1547 2482 1564 2509; x_wconf 77' lang='lat'>6</span> 
     </span>
    </p>
   </div>
   <div class='ocr_carea' id='block_1_12' title="bbox 129 2523 1615 2564">
    <p class='ocr_par' dir='ltr' id='par_1_16' title="bbox 129 2523 1615 2564">
     <span class='ocr_line' id='line_1_38' title="bbox 129 2523 1615 2564; baseline -0.003 -6"><span class='ocrx_word' id='word_1_347' title='bbox 129 2527 307 2562; x_wconf 84' lang='lat' dir='ltr'><strong>convenire;</strong></span> <span class='ocrx_word' id='word_1_348' title='bbox 328 2536 384 2556; x_wconf 86' lang='lat' dir='ltr'><strong>nec</strong></span> <span class='ocrx_word' id='word_1_349' title='bbox 405 2535 478 2556; x_wconf 87' lang='lat' dir='ltr'><strong>vero</strong></span> <span class='ocrx_word' id='word_1_350' title='bbox 500 2535 622 2556; x_wconf 83' lang='lat' dir='ltr'><strong>sensum</strong></span> <span class='ocrx_word' id='word_1_351' title='bbox 643 2526 739 2556; x_wconf 86' lang='lat' dir='ltr'><strong>habet</strong></span> <span class='ocrx_word' id='word_1_352' title='bbox 758 2525 854 2556; x_wconf 88' lang='lat' dir='ltr'><strong>alium</strong></span> <span class='ocrx_word' id='word_1_353' title='bbox 875 2535 912 2556; x_wconf 88' lang='lat' dir='ltr'><strong>ac</strong></span> <span class='ocrx_word' id='word_1_354' title='bbox 932 2526 1065 2556; x_wconf 86' lang='lat' dir='ltr'><strong>formula</strong></span> <span class='ocrx_word' id='word_1_355' title='bbox 1085 2523 1126 2560; x_wconf 78' lang='grc' dir='ltr'><strong>ὡς</strong></span> <span class='ocrx_word' id='word_1_356' title='bbox 1149 2524 1258 2562; x_wconf 79' lang='grc' dir='ltr'><strong><em>εἰπεῖν,</em></strong></span> <span class='ocrx_word' id='word_1_357' title='bbox 1278 2535 1370 2564; x_wconf 79' lang='lat' dir='ltr'><strong>quarn</strong></span> <span class='ocrx_word' id='word_1_358' title='bbox 1392 2526 1428 2555; x_wconf 87' lang='lat' dir='ltr'><strong>H.</strong></span> <span class='ocrx_word' id='word_1_359' title='bbox 1449 2526 1565 2557; x_wconf 87' lang='lat' dir='ltr'><strong>ibidem</strong></span> <span class='ocrx_word' id='word_1_360' title='bbox 1612 2551 1615 2553; x_wconf 90' lang='lat'>.</span> 
     </span>
    </p>
   </div>
   <div class='ocr_carea' id='block_1_13' title="bbox 128 2574 1212 2613">
    <p class='ocr_par' dir='ltr' id='par_1_17' title="bbox 128 2574 1212 2613">
     <span class='ocr_line' id='line_1_39' title="bbox 128 2574 1212 2613; baseline -0.002 -7"><span class='ocrx_word' id='word_1_361' title='bbox 128 2576 240 2613; x_wconf 81' lang='lat' dir='ltr'><strong>reddit,</strong></span> <span class='ocrx_word' id='word_1_362' title='bbox 264 2576 311 2605; x_wconf 86' lang='lat' dir='ltr'><strong>‘ut</strong></span> <span class='ocrx_word' id='word_1_363' title='bbox 332 2575 377 2605; x_wconf 76' lang='lat' dir='ltr'><strong>ita</strong></span> <span class='ocrx_word' id='word_1_364' title='bbox 398 2575 523 2605; x_wconf 86' lang='lat' dir='ltr'><strong>dicam&#39;.</strong></span> <span class='ocrx_word' id='word_1_365' title='bbox 564 2575 666 2606; x_wconf 87' lang='lat' dir='ltr'><strong>Velim</strong></span> <span class='ocrx_word' id='word_1_366' title='bbox 689 2574 829 2605; x_wconf 83' lang='lat' dir='ltr'><strong>conferas</strong></span> <span class='ocrx_word' id='word_1_367' title='bbox 850 2574 932 2613; x_wconf 81' lang='lat' dir='ltr'>VIII,</span> <span class='ocrx_word' id='word_1_368' title='bbox 951 2577 1005 2605; x_wconf 85' lang='lat'><strong>115</strong></span> <span class='ocrx_word' id='word_1_369' title='bbox 1027 2584 1097 2605; x_wconf 89' lang='lat' dir='ltr'><strong>cnm</strong></span> <span class='ocrx_word' id='word_1_370' title='bbox 1117 2574 1170 2612; x_wconf 86' lang='lat'>111,</span> <span class='ocrx_word' id='word_1_371' title='bbox 1186 2578 1212 2605; x_wconf 83' lang='lat'><strong>6.</strong></span> 
     </span>
    </p>
   </div>
  </div>
 </body>
</html>
