1771 2981
674 412 690 431 Σ(
677 371 687 402 =
646 310 690 362 ind.
664 261 666 264 Δ

1179 429 1201 461 nd
1180 362 1205 413 opt.

1218 402 1241 534 'Dran-itu·
1219 353 1240 385 ab
1219 290 1244 343 opt,

1248 428 1270 460 nd
1247 361 1270 414 ind.

675 433 695 449 n·

670 470 695 498 ‘n’-

668 500 691 520 0

1143 591 1145 595 -
1127 560 1130 563 .
1127 515 1137 531 ,«
1116 419 1132 463 οι.
1116 381 1131 402 o.
1116 346 1131 365 r.

1149 404 1172 534 nan-itu·
1150 357 1171 388 ab
1149 291 1171 343 ind.

148 711 150 729 ι
171 701 245 757 post
270 700 365 737 temp.
406 721 443 748 27

202 739 333 778 Praebet
476 721 571 749 864
632 722 707 748 81

238 861 314 899 Hac
335 873 377 896 ex
397 861 520 897 tabula
541 863 689 908 apparet
708 863 790 907 post
810 864 950 909 tempus
972 861 1423 908 praeteritumimperfecti
1446 860 1571 896 futuri·
1615 890 1618 893 .

142 932 208 967 que
234 919 466 954 indicativum
491 920 661 954 orationis
687 922 804 954 rectae
830 920 993 954 omnibus
1015 931 1125 964 paene
1145 918 1232 954 locis
1257 911 1419 984 {etineri3‘
1441 919 1573 954 indica-

140 979 252 1014 tivum
284 977 408 1013 aoristi
438 978 513 1013 tam
545 988 650 1023 saepe
684 976 758 1012 fere
788 977 932 1013 retineri
965 989 1070 1023 quam
1101 977 1139 1012 in
1164 970 1365 1023 optativum
1401 979 1573 1024 mutetur3

142 1037 338 1084 praesentis
364 1035 578 1082 perfectique
603 1035 833 1071 indicativum
858 1036 980 1095 multo
997 1036 1137 1081 saepius
1159 1036 1197 1070 in
1218 1036 1417 1082 optativum
1441 1031 1588 1090 mutua-i>

142 1106 251 1142 quam
273 1094 475 1130 retineatur.

240 1141 417 1189 Locorum
441 1153 503 1199 qui
530 1153 564 1187 in
590 1152 659 1188 hoc
684 1155 792 1199 caput
816 1152 990 1188 referendi
1021 1156 1105 1188 sunt
1129 1152 1290 1189 Gavallin
1319 1154 1443 1189 attulit
1466 1153 1576 1200 pluri·

143 1224 235 1256 mos3
260 1211 320 1245 sed
347 1212 516 1257 quoniam
543 1210 731 1245 nonnullos
758 1211 888 1252 omisit,
913 1211 1064 1245 aliorum
1089 1214 1125 1245 et
1145 1224 1268 1247 eorum
1287 1223 1360 1246 non
1381 1224 1575 1257 paucorum

143 1272 250 1317 caput
275 1272 338 1306 aut
363 1270 494 1305 librum
521 1272 583 1305 aut
608 1271 796 1316 utrumque
820 1280 1003 1316 perperam
1029 1269 1322 1315 indicavit,.mihi
1348 1281 1471 1306 omnes
1497 1282 1576 1317 pro-

143 1326 235 1364 ferre
260 1341 332 1363 non
359 1340 659 1374 supervacaneum
683 1328 833 1363 videtur.
883 1328 996 1364 Locos
1028 1329 1090 1364 ubi
1121 1329 1318 1364 enuntiatio
1344 1330 1539 1364 subiuncta·
1557 1342 1578 1364 a

145 1387 251 1425 verbo
283 1389 428 1434 regente
459 1387 537 1433 ipso
568 1385 714 1433 pendet,
743 1386 788 1433 ab
819 1386 863 1421 iis
893 1398 1074 1422 secernam
1112 1387 1240 1434 quibus
1273 1387 1463 1433 exponitur
1493 1387 1578 1434 quid

146 1458 229 1483 voce
260 1446 317 1482 vel
347 1446 492 1482 vocibus
527 1445 780 1482 enuntiationis
811 1446 1014 1493 primariae,
1050 1447 1201 1482 maxime
1227 1446 1381 1492 obiecto,
1412 1449 1453 1482 ut
1482 1444 1579 1491 τόδε,

146 1503 243 1549 τάδε,
269 1502 395 1550 λόγον,
422 1505 536 1550 simil„
562 1505 797 1540 contineatur.

245 1563 298 1599 Ad
325 1564 485 1611 singulos
511 1564 607 1599 locos
633 1563 769 1599 notabo
796 1569 886 1610 quae
913 1566 1108 1627 memoratu
1134 1564 1284 1600 habeam
1311 1564 1428 1611 digna.

244 1620 300 1665 ὡς
319 1623 478 1669 sequitur

247 1682 277 1716 1.
303 1682 412 1717 verba.
438 1681 585 1725 dicendi,
610 1681 811 1736 nuntiandi,
837 1682 1080 1729 respondendi,
1106 1682 1209 1718 simil.

179 1761 182 1767 -
245 1739 364 1785 λέγειν
391 1740 408 1775 Ι
434 1741 458 1776 5
483 1738 569 1788 (quo
595 1733 673 1776 loco
698 1741 892 1787 particulae
923 1738 971 1783 ὡς
997 1741 1139 1787 quidam
1164 1742 1236 1777 vim
1263 1742 1466 1777 attribuunt
1490 1744 1579 1777 tem-

148 1798 334 1844 potalem),
359 1798 417 1843 45,
439 1799 485 1833 70
510 1797 580 1845 (ter
600 1819 648 1824 —
666 1799 781 1845 primo
810 1800 890 1835 loco
911 1801 1057 1845 λέγουσι
1083 1796 1132 1841 ὡς
1143 1826 1210 1835 .....
1210 1798 1358 1864 Σάμιοι
1384 1797 1578 1836 ἀπελοίατο

149 1854 279 1902 αὐτόν,
315 1857 493 1903 optativus
530 1857 566 1892 in
603 1856 778 1893 sententia
814 1858 972 1897 subiecta
1002 1858 1044 1893 de
1079 1870 1117 1893 re
1152 1843 1345 1904 praeterita
1377 1861 1581 1905 usurpatur,

150 1916 310 1962 quamvis
337 1917 482 1951 verbum
504 1927 629 1962 regens
650 1915 798 1961 λέγουσι
818 1917 1002 1962 praeteriti
1023 1915 1279 1967 significatione
1302 1916 1468 1965 careatl).
1509 1918 1580 1953 Ex-
1600 1959 1604 1960 ⁷

150 1975 222 2009 stat
247 1975 369 2009 eadem
390 1974 605 2009 constructio
630 1973 696 2021 III,
717 1975 779 2021 873
804 1975 866 2022 VI,
887 1976 949 2022 69;
974 1974 1036 2021 IX,
1057 1974 1119 2022 82)
1135 1995 1183 2000 —
1198 1975 1407 2012 tertio'loco
1427 1974 1518 2022 τάχα
1540 1974 1582 2011 δὲ

149 2028 196 2068 ἂν
221 2032 282 2068 καὶ
308 2033 347 2069 οἰ
368 2030 592 2079 ἀποδόμενοι
617 2032 760 2079 λέγοιεν
780 2031 996 2081 ἀπικόμενοι
1022 2033 1058 2076 ἐς
1077 2032 1253 2080 Σπάρτην
1278 2031 1327 2076 ὡς
1347 2032 1582 2081 ἀπαιρεθείη-

150 2101 221 2138 οοιν
245 2089 317 2128 ὑπὸ
345 2093 518 2138 Σαμίων,
550 2092 730 2139 optativus
755 2088 804 2129 ἄν
831 2093 973 2139 λέγοιεν
999 2093 1040 2128 de
1066 2105 1103 2128 re
1128 2093 1320 2140 praeterita
1344 2091 1585 2142 usurpatur²)‚

151 2164 222 2198 qua
240 2164 278 2187 re
299 2152 478 2199 optativus
499 2148 789 2198 ἀπαιρεθείησαν
814 2152 890 2188 iure
916 2152 1148 2200 subsequitur,
1174 2153 1231 2196 82,
1251 2152 1309 2197 86,
1330 2153 1388 2200 89,
1404 2154 1486 2200 118,
1503 2154 1585 2200 120,

154 2210 237 2258 146;
262 2210 309 2257 ῙῘ,
333 2212 366 2256 2,
394 2211 449 2257 13,
478 2211 556 2257 102,
583 2211 663 2256 117,
685 2211 753 2246 121
764 2224 796 2257 oe,
819 2212 899 2259 131,
923 2212 1000 2258 139,
1023 2212 1102 2258 146,
1124 2212 1204 2258 150,
1227 2212 1307 2258 174,
1329 2212 1413 2259 175;
1440 2212 1507 2260 III,
1529 2214 1585 2260 16,

251 2327 281 2365 1)
302 2326 362 2357 Cfr.
384 2325 534 2363 Cavallin,
555 2336 584 2364 p.
601 2329 648 2356 24.
676 2325 789 2357 'Aliter
809 2327 926 2358 iudicat
945 2328 1103 2364 Kuehner,
1124 2328 1143 2357 l.
1165 2327 1187 2356 1.
1208 2338 1237 2366 p.
1255 2330 1321 2358 882.
1364 2328 1482 2359 Statuit
1503 2328 1585 2358 enim

153 2375 239 2405 verbi
267 2374 389 2414 λέγουσι
419 2384 486 2406 esse
517 2375 774 2413 significationem
805 2386 867 2406 non
898 2377 996 2406 solum
1024 2376 1194 2415 praesentis
1222 2376 1277 2406 sed
1303 2377 1399 2407 etiam
1425 2377 1586 2416 praeteriti

154 2424 281 2461 („sowie
297 2425 391 2464 jetzt,
418 2434 453 2455 so
474 2424 553 2455 auch
574 2434 635 2455 von
651 2425 783 2463 jeher“).
824 2426 866 2455 At
891 2435 959 2455 cum
980 2427 1052 2464 post
1076 2433 1220 2464 praesens
1245 2424 1372 2463 Strabo,
1393 2425 1585 2463 Plutarchus,

155 2471 320 2511 Lucianus,
341 2474 507 2504 Pausanias
528 2473 701 2512 optativum
723 2473 761 2503 de
782 2483 815 2503 re
834 2473 1002 2512 praeterita
1012 2483 1114 2512 saepe
1134 2475 1253 2512 ponant
1272 2474 1338 2512 (cfr.
1360 2475 1502 2513 Madvig,
1523 2476 1544 2505 1.
1564 2475 1584 2505 l.

154 2531 184 2559 p.
202 2524 282 2561 143),
302 2532 366 2552 non
385 2523 475 2554 video
496 2531 549 2551 cur
570 2522 610 2552 ab
629 2521 787 2552 Herodoto
808 2523 915 2552 eadem
935 2523 1061 2553 licentia
1080 2523 1282 2554 abiudicetur.

254 2572 284 2609 2)
305 2570 365 2602 Cfr.
386 2570 521 2609 Madvig,
542 2580 572 2609 p.
592 2573 655 2601 157.
695 2569 848 2608 Kuehher,
869 2581 898 2609 p.
916 2573 1077 2602 197-198.
1120 2572 1270 2610 cavallin,
1292 2583 1322 2612 p.
1341 2576 1386 2602 12.

1310 2623 1352 2652 2*
