1771 2981
767 226 913 262 -.22
964 247 1011 252 .-

269 314 333 361 ΙΙΙ,
353 315 399 349 32
426 311 601 360 ’Έλληνες
626 312 693 360 μὲν
720 311 765 360 δὴ
797 311 859 350 διὰ
889 315 998 351 τοῦτο
1024 313 1065 351 τὸ
1092 317 1178 358 ἔπος
1209 315 1301 362 φασὶ
1330 313 1446 362 αὐτὴν
1479 312 1606 351 ἀπολέ-

171 375 262 408 σθαι
282 369 354 409 ὑπὸ
371 371 592 420 Καμβύσεω,
608 370 804 419 Αἰγύπτιοι
826 371 867 410 δὲ
891 370 940 417 ὡς
959 373 1113 422 τραπέζῃ
1134 373 1460 424 περικατημένωνῑ)
1477 374 1608 421 λαβοῦ·
1650 418 1655 422 -

172 442 243 468 σαν
258 433 441 479 ,θρίδακα
470 430 539 479 τὴν
569 439 726 479 γυναῖκα
756 435 937 479 περιτῖλαι
967 446 997 468 κ.
1023 445 1052 468 τ.
1079 436 1110 469 λ.
1152 433 1262 469 Recte
1292 436 1415 470 monet
1444 433 1607 470 Cavallin

174 490 222 538 (p.
239 489 278 539 6)
303 491 361 526 hic
381 503 532 538 quoque,
557 503 636 527 cum
657 491 766 527 verba
791 491 977 538 complura
1001 491 1216 538 interposita
1242 492 1325 539 sint,
1350 492 1446 529 aliud
1470 491 1608 528 dicendi

120 547 122 549 μ
174 550 385 586 vocabulum
423 550 468 586 ad
500 547 550 593 ὥς
579 562 685 596 posse
711 550 836 587 audiri.
886 551 1081 587 Abnormis
1111 553 1167 586 est
1197 552 1395 588 infinitivus
1419 553 1609 597 περιτῖλαι.

173 609 391 644 Huiusmodi
417 609 636 655 anacoluthi,
661 610 693 645 si
719 608 907 645 cavallino
930 609 979 656 (p.
995 608 1059 657 31)
1080 609 1227 645 *credere
1254 610 1348 657 licet,
1373 610 1443 646 duo
1468 611 1609 646 tantum

175 668 245 704 alia
270 668 435 715 exempla
459 668 486 714 I,
512 669 581 705 207
610 666 709 716 (post
734 666 824 717 ὅτι),
850 668 912 716 IV,
940 669 1008 705 179
1035 668 1135 717 (post
1161 666 1242 717 ὥς),
1269 670 1363 716 apud
1387 661 1609 706 Herodotum

176 729 375 763 occurrunt.
416 728 470 764 De
495 728 583 763 locis
609 728 670 763 ubi
697 730 779 773 post
805 724 855 770 ὡς
880 741 959 763 cum
986 728 1093 763 verbo
1120 728 1222 763 finito
1249 730 1470 775 usurpatum,
1495 731 1610 764 trans-

175 787 245 822 itus
272 786 317 822 ad
343 787 558 822 infinitivum
583 786 640 831 fit,
665 786 775 822 verba
800 798 906 833 supra
931 786 1009 822 feci.

274 843 439 891 ἀγγέλλω
465 845 510 890 ΙΙ,
539 845 622 891 152·
651 844 718 890 ΙΙΙ,
744 845 802 891 30,
828 846 884 881 65.

275 902 489 950 ἀπαγγέλλω
514 892 581 949 111,
607 904 669 949 64,
695 904 758 950 IV,
790 904 873 950 1533
900 904 944 945 v
970 903 1157 950 203V111,
1187 904 1265 940 143

271 962 478 1009 ’ἐξαγγέλλω
505 962 568 1007 VI,
594 963 650 998 63.
686 959 688 963 Δ

277 1020 543 1067 ἐπαγγέλλομαι
569 1020 709 1068 (media,
730 1034 837 1068 quam
862 1022 994 1067 dicunt,
1021 1020 1300 1070 significatione)
1330 1021 1396 1070 ΙΙΙ,
1412 1023 1475 1069 36;
1505 1021 1565 1067 VI,
1580 1022 1612 1057 9.

276 1075 371 1127 ἦλθε
397 1077 545 1126 ἀγγελίη
571 1080 599 1127 Ι,
625 1081 687 1125 83;
714 1080 776 1126 VI,
801 1080 864 1125 283
892 1079 991 1126 VIII,
1019 1081 1079 1126 14,
1103 1079 1165 1127 IX,
1194 1080 1248 1117 15.

277 1137 426 1185 ἀγγελίη
452 1136 654 1185 ἀπικομένη
682 1138 720 1187 (a
745 1142 911 1185 tempore·
933 1140 1125 1185 praeterito
1152 1138 1327 1188 pendens)
1354 1140 1453 1186 VIII,
1479 1141 1535 1175 99.

279 1195 513 1241 αὐδάξασθαι
538 1197 585 1244 II,
611 1197 669 1233 55.

278 1255 504 1303 ἀπηγέεσθαι
529 1257 577 1304 ΙΙ,
605 1258 672 1292 121
682 1270 716 1303 α,
744 1258 854 1304 121ε;
879 1257 944 1303 ΙΙΙ,
969 1258 1026 1293 51.

280 1315 493 1362 ἐξηγέεσθαι
525 1315 612 1361 VII,
652 1316 738 1361 197,
779 1312 827 1357 ὡς
867 1313 1003 1351 θύεταί
1034 1328 1072 1351 τε
1108 1315 1299 1362 ἐξηγέοντο
1337 1315 1512 1363 στέμμασι
1546 1316 1616 1358 πᾶς

181 1374 385 1417 πυκασθεὶς
409 1374 471 1410 καὶ
498 1371 546 1417 ὡς
572 1372 642 1410 σὺν
668 1375 794 1422 πομπῇ
820 1373 996 1421 ἐξαχθείς.
1047 1374 1205 1410 Verbum
1236 1386 1366 1421 regens
1392 1380 1448 1410 est
1473 1376 1510 1410 in
1536 1387 1615 1410 sen-

181 1435 297 1469 tentia
318 1434 487 1469 subiecta.
534 1433 613 1469 Hoc
637 1434 680 1469 de
706 1434 785 1469 loco
800 1433 956 1469 'uberius
983 1433 1151 1469 disseruit
1176 1432 1360 1469 Melander
1369 1432 1410 1481 ²),
1436 1434 1496 1480 qui
1522 1434 1614 1469 arbi-

181 1495 297 1529 tratur
328 1493 418 1528 nihil
449 1506 525 1528 esse
557 1493 777 1528 mutandum.
829 1491 981 1538 ‘Duplex
1009 1492 1129 1539 enim',
1157 1493 1288 1539 inquit,
1323 1492 1390 1528 ‘est
1416 1493 1521 1528 huius
1546 1492 1616 1529 loci

183 1552 433 1598 anacoluthon,
459 1565 567 1599 quum
594 1554 630 1587 et
655 1551 741 1586 illud
769 1547 828 1596 ὡς,
854 1550 948 1597 quod
969 1551 1106 1587 duobus
1133 1551 1303 1587 membris
1325 1563 1511 1587 commune
1537 1564 1615 1587 esse

183 1611 346 1656 debebat,
372 1614 563 1657 repetatur,
589 1613 625 1645 et
644 1610 731 1645 illud
752 1607 896 1654 θύεται,
924 1609 1018 1655 quod
1039 1610 1099 1644 uni
1120 1612 1262 1644 tantum
1283 1611 1441 1645 membro
1463 1610 1616 1656 scriptor

183 1670 382 1705 tributurus
409 1672 487 1705 erat
512 1669 556 1704 ad
583 1669 734 1704 alterum
761 1679 900 1714 quoque
927 1668 1053 1703 valeat.
1098 1667 1302 1704 Herodotus
1323 1671 1452 1712 autem,
1477 1669 1614 1715 opinor,

182 1729 235 1763 ita
260 1728 459 1774 scripturus
485 1730 573 1772 erat,
599 1724 647 1769 ὡς
678 1724 814 1762 θύεταί
837 1739 875 1762 τε
901 1725 1091 1772 ἐξηγέοντο
1118 1727 1295 1773 στέμμασι
1320 1726 1618 1776 πᾶςιπυκασθεὶς

183 1785 243 1822 καὶ
275 1784 345 1822 σὺν
375 1787 499 1833 πομπῇ
532 1784 704 1831 ἐξάγεται.
756 1785 859 1827 Quod
890 1786 920 1820 si
955 1798 1062 1821 unum
1090 1785 1340 1822 immiserimus
1367 1786 1617 1832 anacoluthon,

185 1845 453 1891 comprehensio
480 1845 530 1879 sic
551 1844 834 1879 conformabitur
855 1840 905 1885 ὥς
924 1842 1060 1879 θύεταί
1075 1857 1113 1879 τε
1130 1843 1305 1889 στέμμασι
1326 1845 1397 1886 πᾶς
1416 1843 1619 1885 πυκασθεὶς

183 1903 245 1939 καὶ
264 1900 313 1945 ὡς
328 1900 399 1938 σὺν
420 1903 544 1950 πομπῇ
564 1901 738 1948 ἐξάγεται,
755 1902 867 1938 altero
885 1905 1003 1937 autem
1025 1902 1214 1938 accedente
1230 1902 1389 1939 codicum
1406 1903 1616 1949 scripturam

187 1961 421 1998 habebimus'.
474 1961 565 1996 Vide
592 1962 700 1996 etiam
728 1961 995 1996 adnotationem
1023 1960 1161 1996 Steinii.

287 2018 454 2065 ἀγορεύω
481 2020 546 2065 ΙΙΙ,
574 2021 630 2065 74,
659 2020 737 2054 156.
789 2017 1013 2065 ἀγορεύομαι
1042 2018 1101 2063 ΙΧ,
1127 2019 1184 2054 26.

285 2076 417 2122 δικάζω
444 2078 472 2125 Ι,
498 2079 555 2114 84.

289 2136 440 2183 γνώμην
467 2135 720 2180 ἀποδέξασθαι
745 2137 810 2182 ΙΙΙ,
837 2138 893 2183 74,
923 2138 1006 2182 16Ο;
1033 2137 1097 2183 VI,
1121 2137 1184 2183 433
1209 2137 1270 2183 IX,
1296 2138 1352 2173 58.

288 2226 315 2262 1)
336 2224 394 2254 Pro
419 2224 674 2263 περικατημένων
706 2223 815 2255 scribit
841 2224 928 2255 Stein
953 2234 989 2255 ex
1016 2223 1195 2255 coniectura
1223 2224 1508 2264 παρακατημένων,
1539 2227 1621 2263 quod

186 2275 315 2304 verbum
340 2283 491 2311 nusquam
518 2274 600 2312 apud
625 2273 818 2303 Herodotum
845 2274 968 2312 legitur.
1011 2273 1071 2303 Sed
1097 2283 1157 2302 non
1184 2283 1260 2311 opus
1287 2275 1347 2311 est,
1375 2283 1424 2303 me
1450 2274 1566 2312 iudice,
1587 2276 1623 2304 nt

187 2322 329 2353 codicum
349 2322 514 2352 lectionem
535 2324 698 2352 mutemus.
740 2322 808 2352 Etsi
836 2322 915 2352 enim
943 2320 1151 2360 περικᾶτημαι
1178 2321 1300 2360 saepius
1327 2321 1410 2360 apud
1430 2322 1620 2352 Herodotum

188 2371 356 2402 ‘obsidere’
381 2370 543 2409 significat,
563 2372 668 2400 tamen
684 2370 736 2407 III,
755 2374 792 2400 14
813 2371 920 2401 eodem
942 2381 1033 2400 sensu
1054 2380 1115 2407 quo
1136 2370 1186 2400 hic
1207 2370 1385 2407 adhibetur;
1407 2372 1439 2400 et
1458 2371 1531 2401 licet
1552 2381 1620 2401 cum

187 2420 363 2451 accusativo
389 2420 555 2449 maximam
580 2422 699 2457 partem
725 2421 934 2456 construatur,
960 2419 1039 2449 nihil
1065 2419 1241 2449 offensionis
1267 2418 1363 2449 habet
1389 2419 1520 2449 dativus.
1561 2419 1621 2450 cfr.

187 2468 398 2507 περιϊστάναι,
419 2468 502 2506 quod
521 2468 623 2506 ipsum
645 2477 765 2506 quoque
787 2478 975 2507 quamquam
996 2468 1090 2507 vulgo
1117 2477 1186 2498 cum
1207 2469 1397 2506 accusativo,
1425 2470 1529 2499 tamen
1548 2479 1623 2500 non—

188 2528 346 2556 nunquam
373 2528 442 2548 cum
467 2518 572 2548 dativo
598 2518 809 2557 coniungitur,
837 2520 871 2549 ut
890 2518 974 2557 apud
994 2517 1154 2549 Platonem
1180 2519 1212 2548 in
1236 2518 1319 2557 legg.
1342 2521 1397 2548 947
1419 2518 1444 2547 B
1470 2525 1623 2558 περιΐστα-

188 2567 302 2607 μένους
322 2569 358 2607 τῇ
379 2569 475 2607 κλίνῃ.

286 2620 316 2656 2)
337 2617 383 2648 De
404 2617 598 2647 anacoluthis
618 2616 811 2648 Herodoteis.
854 2617 978 2647 Lundae
1001 2620 1085 2647 1869.
1116 2628 1144 2655 p.
1161 2620 1208 2647 40.
