1771 2981
727 167 942 202 -g-

206 255 312 291 Locis
328 268 401 292 non
416 256 539 303 paucis
556 269 646 303 quos
664 256 733 292 huc
755 256 869 292 refero
892 253 941 298 ὡς
961 257 1277 304 interrogationem
1298 269 1405 303 quam
1426 257 1552 293 vocant

110 314 322 350 indirectam
344 314 509 350 inducere
530 314 681 361 videtur,
696 314 757 350 sed
774 315 890 361 specie
913 315 1040 361 solum,
1054 328 1129 351 non
1143 327 1191 362 re,
1207 317 1305 361 puto,
1319 315 1388 351 hoc
1409 326 1551 351 munere

111 372 320 420 fungitur¹).
354 373 449 409 Nam
475 374 624 410 verbum
649 385 776 421 regens
803 385 942 420 semper
967 375 1023 409 est
1048 374 1196 410 verbum
1222 374 1361 410 dicendi
1386 377 1447 410 aut
1471 385 1550 409 sen-

110 430 234 483 tiendi⁸¹
274 431 464 468 Praeterea
490 433 520 468 si
547 429 597 474 ὦς
623 444 730 468 sensu
755 431 906 468 relativo
933 432 1138 479 accipimus,
1163 433 1267 469 facile
1293 432 1552 479 intelleguntur

111 492 275 535 tempora
300 490 486 526 indicativi
512 490 723 537 praeterita,
750 492 790 526 ut
814 490 1061 536 imperfectum
1087 491 1134 538 II,
1153 492 1239 538 1133
1265 491 1327 535 VI,
1344 490 1398 537 16,
1420 490 1490 526 100
1516 491 1553 525 ct

112 549 268 584 aoristus
295 547 396 594 VIII,
418 549 481 595 56,
513 550 575 585 ubi
611 562 653 585 ex
685 549 829 595 regulis,
860 549 904 584 ad
935 561 1023 595 quas
1054 549 1223 597 dirigitur
1253 550 1365 586 oratio
1396 548 1554 594 obliqua,

112 607 312 653 praesentis
338 607 573 643 indicativum
594 608 650 643 vel
672 607 874 653 optativum
896 609 1072 654 expectes,
1098 609 1168 644 etsi
1193 608 1315 656 negari
1335 619 1408 643 non
1434 607 1554 653 potest

114 666 153 701 in
179 665 341 701 oratione
369 666 517 712 obliqua
542 666 791 712 imperfectum
817 665 1012 711 indicativi,
1045 668 1086 702 ut
1110 667 1205 713 apud
1224 667 1323 703 *alios
1349 665 1553 712 scriptores,

113 724 164 760 sic
200 724 295 770 apud
331 723 591 772 Herodotumss)
626 725 806 771 praesenti
841 725 1015 761 orationis
1059 727 1179 761 rectae
1214 736 1468 771 nonnunquam
1501 735 1553 758 re-

114 782 301 828 spondere.
360 782 527 819 Ceterum
558 785 679 818 utrum
710 783 753 818 de
783 785 927 819 nostrae
957 781 1157 830 particulae
1177 776 1223 820 'vi
1252 783 1310 820 his
1340 782 1428 820 locis
1457 783 1554 818 recte

63 848 66 851 ’
114 843 272 878 statuam
299 854 421 888 necne,
448 843 610 889 exempla
635 843 715 889 ipsa
740 844 927 879 testentur.

213 901 241 945 I,
268 902 345 938 105.
392 900 453 936 καὶ
496 898 590 945 ὁρᾶν
632 898 719 947 παρ’
760 900 927 936 ἑωυτοῖσι
969 899 1056 943 τοὺς
1092 898 1382 947 ἀπικνεομένους
1416 900 1452 942 ἐς
1485 896 1553 945 τὴν

117 958 317 1007 Σκυθικὴν
341 957 465 1007 χώρην
492 956 541 1003 ὡς
568 958 772 1004 διακέαται,
798 958 886 1002 τοὺς
909 959 1083 996 καλέουσι
1107 957 1279 1006 Ἐνάρεας
1306 960 1345 996 οἰ
1366 956 1524 995 Σκύθαι.

217 1020 296 1055 106.
333 1018 392 1054 καὶ
422 1018 489 1064 τήν
520 1031 557 1054 τε
585 1019 707 1053 Νίνον
739 1014 839 1054 εἷλον
872 1016 937 1065 (ὡς
969 1017 1010 1053 δὲ
1036 1014 1137 1054 εἷλον
1163 1018 1203 1054 ἐν
1230 1018 1386 1064 ἑτέροισι
1412 1015 1555 1062 λόγοισι

119 1075 303 1125 δηλώσω).

218 1137 297 1172 124.
323 1134 367 1171 τά
393 1146 434 1171 σε
459 1134 520 1171 καὶ
546 1133 658 1171 πάλαι
680 1135 797 1172 δοκέω
818 1134 938 1172 πάντα
959 1136 1266 1182 ἐκμεμαθηκέναι,
1292 1136 1355 1172 σέο
1383 1149 1421 1171 τε
1442 1133 1557 1170 αὐτοῦ

116 1194 199 1241 πέρι
225 1192 274 1237 ὡς
300 1181 480 1241 ἐπρήχθη,
506 1192 566 1229 καὶ
593 1189 654 1239 οἷα
681 1192 751 1240 ἐγώ
773 1191 845 1230 ὑπὸ
868 1191 1085 1241 Ἀστυάγεος
1104 1194 1285 1231 πέπονθα.
1324 1189 1383 1229 οἶα
1409 1205 1558 1240 quoque,

106 1266 197 1290 —mea
223 1253 414 1305 sententia,
434 1253 508 1289 vim
534 1253 722 1289 relativam
748 1253 866 1290 habet.

216 1313 298 1348 209.
326 1310 375 1354 ὡς
402 1310 443 1347 δὲ
469 1316 582 1347 ταῦτα
609 1309 789 1358 ἀτρεκέως
817 1309 917 1357 οἶδα,
944 1310 1015 1358 ε’γώ
1042 1312 1224 1358 σημανέω.

216 1371 264 1416 II,
287 1372 342 1407 14.
378 1370 466 1419 φέρε,
494 1368 535 1407 δὲ
561 1371 633 1407 νῦν
659 1370 719 1406 καὶ
746 1367 891 1407 αὐτοῖσι
918 1372 1154 1417 Αἰγυπτίοισι
1180 1369 1230 1414 ὡς
1255 1373 1327 1417 ἔχει
1353 1369 1494 1417 φράσω.

218 1432 274 1466 61.
302 1430 342 1465 ἐν
369 1428 410 1465 δὲ
436 1431 592 1475 Βουσίρι
619 1427 703 1464 πόλι
730 1426 779 1471 ὡς
805 1422 986 1475 ἀνάγουσι
1012 1434 1056 1476 τῇ
1074 1427 1147 1465 Ἴσι
1171 1427 1242 1476 τὴν
1268 1426 1394 1475 ὁρτήν,
1420 1432 1558 1475 εἴρηται-

121 1486 304 1535 πρότερόν
331 1501 404 1534 μοι.

222 1547 302 1582 113.
333 1545 452 1581 πάντα
485 1544 599 1592 λόγον
631 1545 866 1593 ἐξηγεύμενοι
892 1545 941 1590 ὡς
967 1545 1039 1594 εἶχε
1065 1545 1148 1593 περὶ
1173 1544 1241 1593 τὴν
1262 1543 1415 1592 Ἑλένην
1438 1559 1476 1582 τε
1500 1544 1560 1581 καὶ

120 1604 189 1652 τὴν
215 1605 252 1647 ἐς
280 1604 478 1641 Μενέλεων
505 1602 662 1652 ἀδικίην.

222 1666 301 1701 171.
341 1663 424 1711 περὶ
460 1664 527 1711 μέν
563 1678 635 1700 νυν
671 1664 813 1701 τούτων
857 1663 971 1701 εἰδότι
1008 1677 1070 1728 μοι
1103 1663 1161 1701 ἐπὶ
1191 1664 1303 1701 πλέον
1340 1661 1389 1707 ὦς
1427 1664 1558 1701 ἕκαστα

122 1721 246 1759 αὐτῶν
273 1725 357 1769 ἔχει,
385 1721 543 1769 ευστομα
569 1725 717 1759 κείσθω.

219 1783 285 1829 III,
305 1784 383 1820 113.
414 1779 539 1826 ἀπόζει
572 1780 613 1819 δὲ
644 1783 708 1829 τῆς
738 1780 858 1829 χώρης
888 1783 954 1829 τῆς
976 1780 1146 1829 Ἀραβίης
1178 1781 1379 1818 θεσπέσιον
1405 1796 1454 1825 ως
1479 1780 1562 1829 ἡδύ.

123 1843 211 1878 Post
236 1841 437 1877 θεσπέσιον
464 1842 602 1887 ellipsis
629 1842 729 1876 verbi
756 1842 974 1877 substantivi
1000 1841 1190 1876 statuenda
1217 1843 1280 1876 est.

221 1900 265 1945 V,
281 1901 338 1935 62.
371 1900 429 1934 δεῖ
458 1897 499 1935 δὲ
528 1897 622 1945 πρὸς
650 1897 815 1935 τούτοισι
847 1901 901 1935 ἔτι
933 1897 1136 1945 ἀναλαβεῖν
1162 1895 1228 1934 τὸν
1254 1897 1334 1935 κατ’
1362 1896 1474 1947 ἀρχὰς
1498 1898 1561 1947 ἥια

123 1959 237 2003 λέξων
264 1957 392 2005 λόγον,
419 1955 468 2001 ὡς
492 1956 690 2004 τυράννων
717 1957 1029 2005 ἐλευθερώθησαν
1052 1957 1256 2004 Ἀθηναῖοι.

224 2019 303 2053 111.
334 2015 384 2059 ὡς
414 2017 537 2063 μέντοι
569 2018 691 2063 ἔμοιγε
722 2017 840 2052 δοκέει
871 2014 966 2052 εἶναι
996 2023 1091 2052 τοῖσι
1117 2023 1216 2052 σοῖσι
1241 2014 1426 2063 πρήγμασι
1451 2029 1561 2065 προσ-

124 2076 360 2124 φερέστερον,
386 2074 526 2123 φράσω.

225 2167 254 2204 1)
281 2166 324 2194 De
356 2151 452 2195 siuiili
483 2163 671 2201 pronominis
703 2161 737 2198 ὅς
768 2174 825 2194 usu
854 2164 937 2203 apud
964 2164 1133 2194 Homerum
1154 2163 1315 2193 Windisch
1346 2163 1377 2202 (l.
1399 2164 1419 2194 l.
1445 2175 1477 2203 p.
1492 2166 1562 2202 210)

127 2215 220 2245 verba
245 2215 322 2244 facit
346 2214 436 2244 haec:
471 2212 566 2242 ‘Aber
597 2209 631 2247 ὅς
660 2212 781 2243 kommt
810 2213 913 2243 weder
934 2213 1048 2252 jemals
1073 2211 1216 2243 wirklich
1247 2211 1452 2250 interrogativ
1483 2213 1564 2244 noch

125 2264 268 2294 wirklich
298 2263 442 2293 indefinit
472 2272 539 2299 vor,
569 2271 603 2291 so
629 2262 696 2291 dass
724 2271 798 2292 man
828 2272 860 2292 es
885 2262 943 2292 mit
968 2263 1013 2296 τίς
1039 2262 1114 2292 oder
1139 2260 1185 2296 τὶς
1210 2262 1412 2291 vertauechen
1438 2262 1564 2300 kanuto,

125 2313 189 2342 und
209 2312 259 2341 die
278 2311 440 2350 Beispiele‚
461 2312 493 2341 in
515 2311 614 2340 denen
631 2311 749 2341 Hentze
769 2311 923 2341 indirekte
940 2311 1061 2349 Fragen
1082 2311 1171 2348 nieht,
1193 2310 1371 2340 erscheinen
1391 2321 1449 2341 nur
1468 2312 1564 2342 durch

125 2361 309 2392 lateinische
336 2360 432 2391 Brillc
460 2361 506 2390 als
533 2359 649 2390 solche.
691 2361 804 2390 Immer
833 2360 918 2391 steht
942 2360 984 2390 im
1010 2359 1214 2398 regierenden
1239 2360 1329 2390 Satze
1358 2360 1409 2390 ein
1429 2360 1565 2391 Verbum

125 2412 180 2441 des
200 2410 340 2440 Wisseus
366 2411 440 2440 oder
464 2409 610 2440 Kennens
633 2426 667 2432 -
689 2409 740 2439 nie
767 2420 790 2440 z.
809 2410 841 2439 Β.
871 2410 920 2439 ein
948 2410 1084 2439 Verbum
1110 2409 1163 2438 des
1184 2408 1320 2446 Fragens
1341 2426 1377 2430 —
1399 2409 1460 2439 und
1485 2409 1565 2439 nach

126 2460 227 2490 einem
259 2460 385 2489 solchen
415 2459 499 2489 kann
530 2459 585 2488 der
615 2458 809 2488 bestimmter
840 2458 1034 2488 auftretende
1065 2457 1255 2488 Relativsatz
1290 2466 1347 2495 gat
1376 2458 1464 2487 nicht
1497 2458 1564 2488 auf-

126 2509 243 2539 sallend
263 2508 350 2539 sein.‘

225 2559 255 2595 2)
278 2558 337 2587 Cfr.
360 2557 510 2593 Cavallin,
532 2557 551 2587 1.
574 2557 594 2585 l.
616 2567 644 2594 p.
661 2560 707 2585 22.
