1771 2981
713 204 954 241 -14„„

208 291 290 340 VII,
313 293 392 329 148.
432 292 571 339 πέμψαι
602 291 838 340 θεοπρόπους
868 293 905 335 ἐς
932 291 1107 340 Δελφοις
1137 291 1203 330 τὸν
1233 291 1327 329 θεὸν
1359 292 1545 339 ἐπειρησο-

112 352 246 398 μένους
277 365 326 395 ως
359 362 426 399 σφι
453 352 575 398 μέλλει
602 350 754 400 ἄριστον
780 351 947 388 ποιέουσι
973 352 1157 398 γενέσθαι.
1209 351 1297 389 Cum
1325 349 1549 412 partieipio¹)

109 411 275 447 ποιέουσι
303 415 358 447 est
384 408 434 454 ὡς
459 412 752 459 coniungendam.

211 470 434 517 Significatio
462 471 720 518 interrogativa
746 483 767 506 a
793 469 1012 518 Cavassino')
1045 471 1327 517 quibusdamque
1354 470 1549 506 editoribus

111 522 318 565 attribuitur
356 530 551 576 particulae
587 525 637 571 ὡς
674 529 782 564 etiam
819 529 875 565 his
911 529 1014 565 locis:
1051 528 1152 575 VIII,
1177 530 1199 565 8
1230 527 1361 566 αὐτίκα
1392 526 1549 575 ἐσήμηνε

109 595 205 624 τοῖσι
237 595 474 635 στρατηγοῖσι
505 587 572 634 τήν
598 601 636 623 τε
665 589 848 634 ναυηγίην
880 585 929 630 ὥς
959 587 1103 634 γένοιτο
1140 590 1176 623 et
1206 587 1305 634 VIII,
1328 588 1397 624 138
1432 588 1482 636 τῷ
1510 585 1551 623 δὲ

110 646 252 692 βασιλέι
284 648 456 693 σημαίνει
481 660 535 688 τις
564 647 639 682 τῶν
669 645 865 692 παρέδρων
897 642 980 682 οἷόν
1004 659 1038 681 τι
1072 646 1192 693 χρῆμα
1223 643 1386 692 ποιήσειε
1416 643 1436 681 ὁ
1467 652 1551 688 παῖς

42 716 43 719 ’
109 704 171 741 καὶ
197 702 246 748 ὡς
272 703 344 742 σὺν
370 704 446 755 νόῳ
471 707 605 741 κείνων
633 702 653 741 ὁ
678 703 860 747 νεώτατος
884 703 992 751 λάβοι
1018 702 1062 740 τὰ
1093 702 1280 751 διδόμενα.

210 763 402 811 Obliquam
434 776 511 800 esse
542 763 742 799 orationem
774 764 957 811 optativus
983 763 1155 810 ostendit,
1186 763 1246 799 sed
1272 762 1362 799 mihi
1386 763 1550 799 videntur

110 823 149 858 hi
174 823 242 859 loci
270 823 401 859 rectius
426 823 605 869 pertinere
632 823 677 858 ad
704 823 806 859 illum
833 825 979 859 nostrae
1005 822 1205 869 particulae
1229 835 1348 869 usum,
1373 834 1443 869 quo
1469 834 1549 858 eum

111 881 220 916 verbo
252 882 354 917 finito
385 881 477 916 idem
508 881 601 927 quod
634 883 859 917 aecusativus
895 894 973 916 eum
1006 881 1182 916 infinitivo
1211 882 1264 916 vel
1290 880 1467 927 particula
1493 877 1549 915 ὅτι

113 951 194 974 cum
222 940 330 974 verbo
357 939 456 974 finito
483 943 568 985 post
594 940 703 974 verba
729 939 868 975 dicendi
893 941 997 975 valet.

718 1214 853 1265 Caput
883 1213 948 1253 IV.

650 1300 699 1335 ὼε
724 1299 1016 1336 Exclamativum.

213 1379 269 1414 Ex
306 1391 371 1414 usu
408 1379 444 1413 in
482 1378 824 1423 interrogationibus
861 1380 1003 1415 directis
1040 1391 1142 1414 usum
1174 1379 1371 1425 particulae
1391 1378 1569 1417 -Latinael

112 1438 189 1472 ‘ut’
222 1437 494 1473 exclamativum
527 1439 645 1472 ortum
676 1449 753 1472 esse
786 1438 953 1483 opinatur
979 1437 1118 1485 Dahlfl)
1169 1437 1302 1473 Verum
1333 1442 1374 1472 ut
1405 1438 1472 1473 hoc
1498 1438 1550 1473 ita

118 1498 165 1531 sit
194 1517 234 1521 —
260 1496 354 1542 quod
380 1508 503 1531 verum
530 1508 607 1531 esse
633 1508 706 1530 non
733 1496 836 1531 credo
858 1516 896 1521 ——
923 1494 972 1538 ὡς
998 1499 1117 1531 tamen
1144 1497 1371 1532 exclamativi
1397 1496 1550 1531 similem

114 1556 223 1590 fuisse
260 1554 436 1600 originem
471 1554 639 1589 arbitrari
669 1566 741 1589 non
768 1554 862 1589 licet.
913 1554 1037 1600 Neque
1068 1554 1163 1590 enim
1188 1555 1338 1601 proferri
1363 1557 1483 1601 potest
1508 1567 1550 1589 ex

113 1614 278 1649 omnibus
304 1613 505 1648 litterarum
533 1611 750 1648 Graecarum
776 1614 1015 1648 monumentis
1049 1626 1158 1649 unum
1190 1603 1388 1659 exemplum
1415 1614 1476 1648 ubi
1502 1610 1551 1654 ὡς

113 1672 170 1724 ad„
183 1671 504 1717 interrogationem
539 1670 710 1705 directam
741 1671 975 1706 inducendam
1012 1671 1216 1718 adhibetur,
1253 1683 1367 1718 neque
1403 1675 1458 1707 est
1487 1684 1549 1707 cur

114 1720 279 1776 putemus
306 1730 340 1764 id
366 1741 525 1775 unquam
552 1730 602 1764 sic
628 1732 847 1775 usurpatum.

210 1786 440 1835 Naumann‘)
476 1785 526 1830 ὡς
562 1789 834 1823 exclamativum
872 1801 913 1823 ex
950 1785 999 1830 ὡς
1042 1788 1319 1824 demonstrativo
1357 1801 1433 1824 esse
1469 1801 1549 1835 pro-

112 1847 243 1882 fectum
272 1847 408 1882 statuit.
460 1846 630 1883 Attamen
657 1845 866 1892 neque'quo
894 1846 999 1882 modo
1026 1847 1159 1882 factum
1194 1847 1242 1882 sit
1271 1847 1407 1883 indicat
1437 1859 1549 1893 neque

115 1910 290 1941 memorat
326 1905 455 1951 quibus
490 1905 691 1940 rationibus
728 1905 771 1939 ad
808 1917 885 1940 eam
920 1905 1124 1951 opinionem
1160 1906 1332 1941 adductus
1363 1906 1419 1941 sit.
1469 1906 1549 1952 Ego

113 1965 253 2010 quidem
294 1975 351 2006 ee,
383 1963 476 2009 quod
515 1964 585 1998 alia
622 1963 834 2008 pronomina
869 1963 1020 1998 relativa
1051 1976 1170 2011 sensu·
1188 1964 1421 1998 exelamativo
1452 1976 1551 1998 usur-

87 2049 90 2051 *
113 2021 293 2068 pantur⁵)‚
320 2021 475 2057 adducor
501 2024 542 2056 ut
566 2018 616 2062 ὡς
636 2021 910 2055 exclamativum
931 2021 974 2055 ad
997 2022 1185 2056 relativum
1208 2018 1257 2063 ὥς
1276 2022 1437 2057 referam.
1472 2021 1550 2063 Qua

114 2082 172 2115 via
208 2080 381 2114 transitus
416 2079 534 2115 faetus
571 2081 617 2114 sit
653 2081 832 2114 monstrat
849 2079 1020 2125 *fortasse
1057 2080 1154 2115 loeus
1191 2080 1227 2115 in
1259 2092 1334 2126 cap.
1356 2079 1391 2114 II
1417 2080 1548 2115 citatus

112 2138 178 2182 III,
201 2138 270 2173 113
294 2135 416 2180 ἀπόζει
442 2136 483 2173 δὲ
508 2138 571 2183 τῆς
596 2135 717 2184 χώρης
741 2137 806 2182 τῆς
827 2134 996 2183 Ἀραβίης
1018 2137 1217 2173 θεσπέσιον
1239 2135 1288 2180 ὡς
1308 2135 1397 2183 ἡδύ,
1418 2138 1480 2172 ubi
1501 2135 1550 2180 ὡς
1587 2145 1591 2147 “

113 2210 134 2232 a
160 2208 247 2232 voce
273 2195 520 2232 admirationis
547 2196 687 2243 pendet.

153 2351 164 2363 ¹
214 2343 241 2379 1)
265 2341 326 2370 Cfr.
347 2340 484 2377 Madvig,
506 2341 620 2378 Syntax
641 2341 695 2369 der
715 2339 929 2378 griechischen
952 2340 1096 2378 Spraehe.
1138 2344 1165 2371 2.
1187 2341 1263 2370 Aufl.
1312 2341 1551 2379 Braunsehweig

114 2393 200 2421 1884.
241 2393 258 2426 ξ
281 2393 347 2426 176,
369 2398 397 2419 a.

212 2440 242 2476 2)
262 2439 283 2469 l.
305 2439 325 2468 1.
348 2448 377 2476 p.
394 2441 441 2468 41.
558 2457 560 2460 .

211 2489 241 2526 3)
263 2487 319 2517 Die
340 2478 530 2516 lateinische'
544 2487 682 2517 Partikel
703 2487 753 2517 Ut.
794 2487 963 2517 Kristiania
985 2491 1068 2518 1882.
1102 2498 1132 2526 p.
1149 2492 1175 2518 8.

211 2538 242 2574 4)
264 2537 308 2566 De
330 2533 370 2570 ὥς
390 2535 560 2574 particulae
581 2536 662 2574 apud
683 2536 871 2573 Aeschylum
892 2537 924 2567 vi
945 2538 977 2567 et
998 2547 1063 2567 usu.
1106 2536 1227 2575 Lipsiae
1251 2539 1334 2567 1877.
1365 2547 1396 2575 p.
1412 2541 1441 2568 4.

211 2587 242 2623 5)
264 2585 324 2615 cfr.
346 2584 490 2615 Kuehner
519 2585 675 2616 Ausftihrl.
697 2585 890 2616 Grammatik
911 2586 965 2615 der
986 2586 1100 2624 griech.
1122 2586 1266 2624 Sprache.
1303 2586 1355 2616 11¹.
1375 2596 1405 2624 p.
1423 2590 1489 2618 943.
