1771 2981
225 272 281 307 75.
307 268 357 314 ὥς
382 270 450 318 μὲν
471 270 547 318 -ἐγώ
575 272 668 318 λέγω
686 299 817 308 ......
835 269 884 314 ὥς
910 270 950 307 δὲ
977 269 996 307 ὁ
1024 271 1158 315 πολλὸς
1184 271 1291 318 λόγος
1309 269 1506 317 Ἑλλήνων.

226 331 302 366 105.
330 327 378 373 ὡς
404 328 510 367 αὐτοὶ
538 330 698 377 Κύπριοι
725 331 881 377 λέγουσι.

226 390 302 425 174.
329 387 378 432 ὡς
404 387 511 426 αὐτοὶ
537 391 686 426 Κνίδιοι
711 390 868 436 λέγουσι.

226 449 301 484 181.
329 445 379 491 ὥς
404 448 552 494 λέγουσι
579 450 618 485 ol
643 450 830 485 Χαλδαῖοι.

225 508 301 544 182.
328 504 377 549 ὡς
403 507 552 554 λέγουσι
579 509 617 543 οἱ
640 507 845 554 Αἰγύπτιοι.

226 566 303 601 183.
329 564 390 600 καὶ
417 563 466 608 ὡς
492 568 618 612 ἔλεγον
644 567 682 601 οί
707 567 896 601 Χαλδαῖοι.

220 622 264 668 11,
295 624 347 659 15.
375 621 424 665 ὡς
450 622 556 660 αὐτοὶ
582 623 729 669 λέγουσι
759 622 948 669 Αἰγύπτιοι
977 623 1038 658 καὶ
1066 624 1146 669 ἐμοὶ
1175 625 1301 660 δοκέει.

221 682 275 716 33.
304 679 354 724 ὡς
381 683 419 718 οἱ
445 685 651 728 Κυρηναῖοι
678 683 815 727 ἔλεγον.

220 741 277 776 43.
304 738 353 784 ὦς
380 739 421 777 δὲ
446 739 551 777 αὐτοὶ
577 740 738 786 λέγουσι.

222 800 279 835 60.
305 797 354 842 ὥς
381 801 418 836 oc
442 799 627 846 ἐπιχώριοι
654 799 811 846 λέγουσι.

225 859 281 894 73.
308 855 357 901 ὡς
376 856 624 894 Ἡλιοπολῖται
651 858 810 905 λέγουσι.

226 918 303 953 130.
330 915 378 959 ὡς
403 919 529 963 ἔλεγον
556 917 594 952 οἱ
618 917 658 953 ἐν
685 915 759 952 Σάι
785 915 871 952 πόλι
898 917 999 962 ἱρέες.

221 975 287 1021 ΙΙΙ,
318 977 371 1011 10.
398 973 446 1018 ὦς
471 975 619 1021 λέγουσι
646 974 751 1011 αὐτοὶ
779 977 944 1020 Θηβαῖοι.

227 1035 278 1069 16.
305 1032 354 1076 ὡς
380 1033 504 1080 μέντοι
531 1032 728 1080 Αἰγύπτιοι
755 1033 913 1080 λε’.γουσι

222 1094 279 1128 30.
306 1090 354 1134 ὡς
379 1092 527 1137 λέγουσι
554 1091 760 1138 Αἰγύπτιοι.

223 1152 280 1186 47.
307 1148 356 1193 ὡς
381 1148 448 1198 μὲν
470 1149 608 1197 Σάμιοι
629 1149 778 1196 λέγουσι
799 1177 931 1186 ......
956 1147 1004 1193 ὡς
1031 1149 1072 1186 δὲ
1095 1149 1383 1197 Λακεδαιμόνιοι
1405 1149 1559 1197 λέγουσι.

225 1210 302 1246 120.
327 1207 377 1252 ὡς
402 1208 469 1255 μὲν
495 1210 535 1245 οἱ
557 1209 709 1251 πλεῦνες
735 1209 891 1254 λέγουσι.

220 1266 282 1313 IV,
308 1268 340 1302 5.
367 1265 416 1309 ὧς
442 1266 483 1303 δὲ
509 1266 660 1302 Σκύθαι
686 1267 844 1313 λέγουσι.

223 1325 302 1362 155.
330 1322 378 1368 ὡς
405 1326 564 1372 Θηραῖοί
587 1338 625 1361 τε
650 1324 710 1361 καὶ
736 1327 944 1372 Κυρηναῖοι
970 1324 1127 1371 λέγουσι.

220 1383 263 1429 V,
292 1385 347 1420 10.
373 1381 424 1426 ὥς
450 1378 491 1420 δὲ
518 1382 673 1430 Θρήικες
698 1384 855 1430 λέγουσι.

220 1443 277 1477 44.
304 1439 353 1484 ὡς
379 1441 528 1487 λέγουσι
555 1444 769 1489 Συβαρῖται.

222 1501 278 1537 49.
306 1499 356 1543 ὡς
384 1501 669 1547 Λακεδαιμόνιοι
695 1500 854 1547 λέγουσι.

223 1561 280 1594 57.
307 1557 356 1601 ὥς
381 1558 448 1605 μὲν
475 1558 581 1595 αὐτοὶ
606 1560 765 1605 λέγουσι.

221 1618 277 1654 63.
304 1615 353 1661 ὡς
379 1612 432 1654 ὦν
459 1616 504 1665 δὴ
533 1619 571 1654 οἰ
591 1615 784 1665 Ἀθηναῖοι
809 1618 968 1664 λέγουσι.

226 1677 286 1722 VI,
313 1678 368 1712 75.
396 1674 445 1718 ὦς
470 1676 539 1722 μὲν
565 1678 604 1711 oc
627 1677 755 1712 πολλοὶ
782 1677 930 1722 λέγουσι
950 1675 1138 1722 Ἑλλήνων
1165 1698 1208 1702 -
1237 1675 1288 1718 ὡς
1309 1676 1349 1711 δὲ
1371 1674 1558 1722 Ἀθηναῖοι

123 1735 257 1779 μοῦνοι
285 1734 433 1781 λέγουσι
463 1756 504 1761 -
533 1732 583 1777 ὥς
609 1733 650 1771 δὲ
673 1732 828 1781 Ἀργεῖοι
855 1735 979 1780 (verbo
1006 1733 1168 1782 omisso).

222 1794 279 1830 84.
305 1790 354 1835 ὦς
379 1790 486 1829 αὐτοὶ
512 1793 671 1839 λέγουσι.

219 1852 276 1887 98.
303 1848 353 1893 ὡς
378 1853 505 1898 ἔλεγον
532 1850 677 1898 Δήλιοι.

224 1911 301 1946 105.
329 1908 379 1952 ὡς
404 1910 515 1953 αὐτός
539 1924 576 1947 τε
603 1913 702 1956 ἔλεγε
731 1912 973 1955 Φειδιππίδης
1003 1910 1062 1946 καὶ
1089 1909 1320 1957 Ἀθηναίοισι
1349 1909 1559 1957 ἀπήγγελλε.

219 1968 299 2013 VII,
327 1970 381 2004 73.
409 1966 458 2011 ὥς
485 1967 702 2010 Μακεδόνες
727 1968 886 2014 λέγουσι.

223 2027 278 2062 75.
305 2023 355 2068 ὡς
380 2024 487 2062 αὐτοὶ
513 2027 671 2073 λέγουσι.

219 2086 275 2120 89.
303 2082 352 2127 ὡς
378 2083 482 2121 αὐτοὶ
507 2086 665 2132 λέγουσι.

219 2145 275 2180 90.
303 2142 352 2187 ὡς
378 2141 484 2180 αὐτοὶ
512 2143 674 2189 Κύπριοι
700 2143 858 2190 λέγουσι.

218 2203 275 2238 94.
303 2199 352 2245 ὦς
369 2201 545 2248 ’Έλληνες
570 2203 727 2248 λέγουσι.

224 2262 302 2297 137.
330 2258 379 2304 ὡς
405 2261 554 2307 λέγουσι
580 2262 875 2307 Λακεδαιμόνιοι.

221 2321 300 2355 167.
327 2317 388 2362 ὡς..
411 2321 582 2362 Φοίνικες
616 2320 764 2366 λέγουσι
796 2341 840 2346 —
874 2318 922 2363 ὡς
953 2319 1206 2367 Καρχηδόνιοι
1241 2320 1302 2355 καὶ
1333 2320 1559 2367 Συρηκόσιοι

121 2377 247 2426 (verbo
274 2379 424 2426 omisso)
434 2377 471 2428 ¹).

223 2439 301 2473 171.
328 2435 377 2479 ὡς
402 2437 551 2483 λέγουσι
577 2441 762 2483 Πραίσιοι.

221 2566 247 2601 1)
270 2564 398 2594 Codices
420 2564 478 2593 PR
499 2564 648 2593 omittunt
674 2564 725 2593 καὶ
749 2563 946 2603 Συρηκόσιοι.
989 2565 1064 2595 Cum
1092 2564 1186 2594 Pavio
1214 2567 1392 2603 expungunt
1413 2564 1555 2605 Kruegm,
