1771 2981
252 275 313 322 VI,
332 277 387 312 16.
418 277 582 313 ἐνθαῦτα
608 274 654 322 δὴ
681 277 719 312 οἱ
738 275 899 323 Ἐφέσιοι
925 276 1009 314 οὔτε
1033 264 1301 325 προακηκοότες
1326 275 1375 319 ὡς
1399 275 1472 323 εἶχε
1497 275 1580 322 περὶ

153 334 229 369 τῶν
254 336 367 380 Χίων,
393 333 536 378 ἰδόντες
560 348 598 371 τε
623 363 632 371 .
648 362 656 370 .
672 362 680 370 .
698 364 704 371 .
727 335 958 383 ἐξεβοήθεον.

249 394 306 430 39.
336 392 402 430 τὸν
428 394 498 440 ἐγὼ
523 394 563 430 ἐν
589 391 689 442 ἄλλῳ
715 392 813 442 λόγῳ
838 395 1006 441 σημανέω
1032 393 1082 438 ὦς
1107 396 1260 442 ἐγένετο.

252 453 331 488 100.
361 450 494 498 μαθὼν
521 451 562 488 δὲ
586 449 728 488 τούτων
753 451 903 500 ἑκάτερα
927 451 979 496 ὥς·
1002 452 1084 500 εἶχε.

249 510 331 557 VII,
350 512 404 548 18.
434 510 664 559 μεμνημένος
684 509 752 556 μὲν
776 509 842 547 τὸν
863 511 920 548 ἐπὶ
945 513 1190 559 Μασσαγέτας
1214 511 1346 559 Κύρου
1372 510 1506 547 στόλον
1532 508 1582 553 ὡς
1616 529 1622 533 -

153 569 292 615 ἔπρηξε.
1214 580 1216 582 ·

250 628 329 664 104.
358 629 477 664 καίτοι
509 625 557 670 ὡς
587 619 672 673 57&
688 626 856 674 τυγχάνω
885 626 929 664 τὰ
958 629 1030 664 νῦν
1061 627 1149 665 τάδε
1157 628 1185 677 ¹)
1212 625 1392 675 ἐστοργὼς
1416 628 1582 670 ἐκείνους

151 683 262 729 αὐτὸς
290 684 447 733 μάλιστα
479 687 686 730 ἐξεπίστεαι.
742 686 792 724 Si„
811 699 895 731 cum
925 687 1060 724 Steinio
1097 692 1180 734 post
1216 687 1380 729 ἐκείνους
1409 687 1581 722 excidisse

155 742 197 780 δὲ
216 745 355 791 μισέων
377 746 433 781 vel
460 742 697 790 ἀποστυγέων
719 746 918 781 consentias
937 767 978 772 —
997 747 1090 793 quod
1112 746 1341 792 ego‘quidem
1368 740 1433 791 pro
1460 757 1579 791 super-

153 814 310 840 vacaneo
334 803 451 840 habeo
476 824 517 839 -,
541 800 590 846 ὥς
616 802 739 839 eodem
761 815 864 840 sensu
889 817 957 851 quo
983 802 1038 841 ὅτι
1062 807 1145 852 post
1160 804 1278 840 ‘verba
1304 802 1482 840 sentiendi
1503 803 1579 838 iure

156 862 319 909 accipias.
369 862 537 898 Fortasse
564 862 710 909 dignum
737 865 792 898 est
812 864 904 909 quod
925 866 1218 900 commemoretur
1239 858 1422 908 ἐστοργῶς
1446 863 1581 897 ironice

153 921 330 967 usurPari.

252 979 354 1026 VIII,
381 981 414 1016 2.
449 983 589 1027 εἴρηται
619 978 663 1016 δέ
691 993 752 1025 μοι
785 979 844 1016 καὶ
875 974 925 1023 ὦς
952 979 993 1017 τὸ
1025 982 1167 1027 πλῆθος
1199 980 1343 1017 ἕκαστοι
1375 984 1451 1016 τῶν
1486 981 1582 1015 νεῶν
1616 1028 1619 1030 ‚

155 1040 382 1084 παρείχοντο.
438 1038 505 1073 Pro
542 1035 592 1079 ὦς
632 1039 725 1084 quod
768 1039 903 1074 codices
943 1041 1130 1086 praebent,
1171 1042 1207 1075 et
1245 1039 1375 1085 Baehr,
1419 1039 1584 1083 Dindorf‚

155 1096 327 1144 Krueger,
353 1097 510 1142 Dietsch,
537 1096 638 1133 Stein
662 1090 894 1141 retinuerunt,
920 1097 981 1133 alii
1006 1098 1074 1133 viri
1099 1098 1195 1135 docti
1220 1098 1443 1134 coniecturas
1464 1097 1583 1133 varias

155 1159 426 1203 proposuerunt.
458 1156 519 1192 cfr.
546 1155 673 1192 Steinii
699 1156 888 1192 editionem
913 1157 1070 1192 criticam
1097 1158 1153 1192 vel
1180 1157 1383 1192 Baehrium.

251 1214 308 1251 56.
335 1211 384 1257 ὥς
404 1223 471 1262 σφι
493 1213 693 1261 ἐξηγγέλθη
720 1211 771 1258 ὡς
790 1216 871 1262 ἔσχε
890 1213 933 1251 τὰ
953 1214 1036 1261 περὶ
1055 1213 1122 1262 τὴν
1140 1212 1349 1261 Ἀθηναίων
1364 1211 1585 1260 ἀκρόπολιν,

154 1274 191 1317 ἐς
214 1275 395 1310 τοσοῦτον
420 1272 589 1320 θόρυβον
615 1267 800 1310 ἀπίκοντοζ

253 1334 309 1369 80.
335 1326 428 1368 ἄλλά
452 1341 519 1378 σφι
544 1333 711 1379 σήμηνον
736 1330 847 1375 αὐτὸς
871 1331 1064 1379 παρελθὼν
1090 1330 1139 1375 ὡς
1164 1334 1245 1379 ἔχει.

254 1393 310 1429 87.
335 1389 425 1428 κατὰ
452 1389 525 1446 μὲν,
546 1392 592 1437 δὴ
617 1389 704 1434 τοὺς
729 1389 862 1434 ἄλλους
887 1389 954 1428 οὐκ
980 1394 1048 1438 ἔχω
1074 1391 1324 1438 μετεξετέρους
1344 1393 1461 1427 εἰπεῖν
1483 1389 1585 1437 ἀτρε-

154 1450 244 1493 κέως
270 1447 319 1493 ὡς
344 1450 588 1501 ἕκαστοιιτῶν
613 1448 813 1497 βαρβάρων
838 1447 860 1496 ἢ
887 1451 960 1487 τῶν
978 1448 1169 1497 Ἑλλήνων
1193 1448 1425 1496 ἠγωνίζοντο.

212 1543 216 1548 ,
253 1508 522 1545 Observandum
545 1511 599 1545 est
620 1509 786 1545 omnibus
812 1509 868 1545 his
895 1510 983 1545 locis
1008 1510 1251 1556 praedicatum
1277 1509 1372 1556 quod
1398 1509 1526 1545 dicitur
1551 1509 1600 1544 in·

156 1568 348 1604 indicativo
374 1566 460 1604 esse.

254 1782 306 1827 ὦς
342 1786 378 1821 vi
415 1785 567 1821 relativa
597 1784 636 1820 in
674 1785 861 1821 sententiis
898 1785 937 1821 in
972 1785 1175 1832 parenthesi
1212 1786 1341 1832 positis
1382 1786 1590 1832 saepissime

157 1847 364 1890 usurpatur,
390 1856 540 1889 quarum
566 1844 825 1879 sententiarum
851 1836 1016 1890 quattuor
1041 1844 1192 1879 discerni
1217 1847 1373 1890 possunt
1398 1856 1540 1890 genera.

257 1903 288 1938 1.
314 1901 498 1938 Sententia.
528 1901 773 1948 parenthetica
805 1898 938 1937 indicat
968 1913 1036 1947 qua
1070 1901 1284 1937 auctoritate
1316 1903 1379 1938 aut
1409 1904 1489 1938 tota
1515 1914 1591 1938 sen-

157 1962 272 1998 tentia
303 1961 473 2008 primaria
508 1963 571 1997 aut
600 1961 676 1997 eius
707 1961 832 2007 aliqua
857 1971 925 1997 vox
962 1961 1018 1996 vel
1048 1960 1180 1996 locutio
1213 1960 1364 1998 nitatur.
1414 1961 1516 2004 Quod
1547 1962 1591 1998 ad

158 2020 355 2056 sententiae
379 2020 647 2067 parentheticae
681 2020 896 2067 positionem
927 2020 1069 2066 attinet,
1099 2020 1279 2055 invenitur
1303 2017 1410 2056 modo
1438 2022 1521 2056 ante
1545 2020 1593 2066 id,

158 2079 263 2116 modo
289 2081 371 2126 post
396 2079 433 2116 id
458 2079 577 2127 posita
603 2079 648 2115 ad
673 2078 768 2126 quod
793 2079 977 2115 referenda
1002 2080 1067 2125 est,
1092 2081 1155 2114 aut
1180 2078 1212 2114 si
1238 2078 1283 2115 ad
1309 2080 1423 2115 totam
1450 2081 1590 2115 senten-

157 2138 247 2174 tiam
273 2139 329 2174 vel
356 2139 571 2188 locutionem
603 2138 774 2185 pertinet,
803 2151 874 2175 non
906 2150 985 2174 raro
1017 2138 1123 2173 etiam
1149 2138 1187 2173 in
1213 2150 1292 2185 eam
1317 2138 1464 2175 inserta.
1514 2139 1592 2181 Quo

159 2197 337 2233 sententia
362 2197 608 2244 parenthetica
629 2199 774 2244 spectet,
794 2210 875 2234 cum
901 2198 967 2233 hac
983 2196 1029 2232 *de
1054 2208 1091 2231 re
1116 2204 1227 2232 nemo·
1243 2209 1401 2244 unquam
1426 2198 1463 2233 in
1485 2198 1593 2233 dubio

158 2268 237 2291 esse
262 2257 392 2302 possit,
422 2256 577 2292 indicare
604 2256 753 2303 singulis
783 2256 871 2292 locis
896 2268 969 2292 non
992 2267 1134 2291 necesse
1160 2255 1288 2292 habeo.
1338 2255 1516 2304 Exempla
1541 2257 1593 2292 ita'

159 2313 283 2362 digero
309 2316 351 2350 ut
375 2326 587 2362 componam
614 2325 656 2350 ea
680 2326 771 2361 quae
796 2314 889 2351 idem
915 2314 1062 2350 verbum
1086 2313 1231 2350 habent.
1252 2331 1254 2333 ·

257 2372 353 2420 1565.
370 2370 419 2416 ὡς
435 2369 466 2409 δ’
470 2370 576 2409 αὐτοὶ
588 2370 874 2419 Λακεδαιμόνιοι
890 2373 1046 2420 λέγουσι.
1072 2372 1140 2408 Hic
1157 2375 1193 2409 et
1208 2363 1332 2409 inultis
1349 2370 1430 2410 aliis
1446 2374 1535 2410 locis
1550 2395 1591 2400 —-

160 2443 250 2478 quos
262 2443 387 2479 omnes
396 2430 558 2467 Cavallin
571 2431 641 2477 (1.1.
652 2443 710 2477 pp.
722 2431 779 2477 63,
789 2429 853 2478 65)
865 2432 1007 2478 collegit
1018 2433 1123 2478 atque
1140 2432 1274 2478 optime
1283 2433 1502 2468 tractavit-
1512 2436 1595 2479 post

161 2482 377 2526 sententiam
403 2490 683 2537 parentheticam
709 2489 908 2526 infinitivus
932 2490 968 2525 in
995 2491 1173 2539 sententia
1199 2491 1372 2537 primaria
1397 2491 1594 2541 adhibetur.

261 2578 289 2614 1)
310 2576 356 2607 De
376 2577 532 2607 locutione
552 2576 591 2607 τὰ
611 2576 670 2606 νῦν
691 2575 766 2612 τάδε
788 2576 841 2606 cfr.
862 2576 994 2606 Ktihner.
1026 2587 1055 2614 p.
1072 2580 1140 2613 556,
1161 2580 1188 2606 6.
