<?xml version="1.0" encoding="UTF-8"?>
<!DOCTYPE html PUBLIC "-//W3C//DTD XHTML 1.0 Transitional//EN"
    "http://www.w3.org/TR/xhtml1/DTD/xhtml1-transitional.dtd">
<html xmlns="http://www.w3.org/1999/xhtml" xml:lang="en" lang="en">
 <head>
  <title>
</title>
<meta http-equiv="Content-Type" content="text/html;charset=utf-8" />
  <meta name='ocr-system' content='tesseract 3.04.00' />
  <meta name='ocr-capabilities' content='ocr_page ocr_carea ocr_par ocr_line ocrx_word'/>
</head>
<body>
  <div class='ocr_page' id='page_1' title='image "4737368_0052.png"; bbox 0 0 1771 2981; ppageno 0'>
   <div class='ocr_carea' id='block_1_1' title="bbox 131 197 1625 1331">
    <p class='ocr_par' dir='ltr' id='par_1_1' title="bbox 732 197 970 232">
     <span class='ocr_line' id='line_1_1' title="bbox 732 197 970 232; baseline 0 -10"><span class='ocrx_word' id='word_1_1' title='bbox 732 217 780 222; x_wconf 85' lang='grc'><strong>-</strong></span> <span class='ocrx_word' id='word_1_2' title='bbox 830 197 878 232; x_wconf 89' lang='lat'><strong>44</strong></span> <span class='ocrx_word' id='word_1_3' title='bbox 931 217 970 222; x_wconf 79' lang='grc'><strong>.-</strong></span> 
     </span>
    </p>

    <p class='ocr_par' dir='ltr' id='par_1_2' title="bbox 134 277 1616 391">
     <span class='ocr_line' id='line_1_2' title="bbox 134 277 1571 333; baseline 0.003 -16"><span class='ocrx_word' id='word_1_4' title='bbox 134 283 289 328; x_wconf 78' lang='lat' dir='ltr'><strong>ponitur,</strong></span> <span class='ocrx_word' id='word_1_5' title='bbox 309 283 379 319; x_wconf 85' lang='lat' dir='ltr'><strong>nisi</strong></span> <span class='ocrx_word' id='word_1_6' title='bbox 406 284 467 320; x_wconf 91' lang='lat' dir='ltr'><strong>ubi</strong></span> <span class='ocrx_word' id='word_1_7' title='bbox 494 297 572 320; x_wconf 88' lang='lat' dir='ltr'><strong>cum</strong></span> <span class='ocrx_word' id='word_1_8' title='bbox 599 285 862 331; x_wconf 76' lang='lat' dir='ltr'><strong>praepositione</strong></span> <span class='ocrx_word' id='word_1_9' title='bbox 883 285 1111 322; x_wconf 87' lang='lat' dir='ltr'><strong>construitur.</strong></span> <span class='ocrx_word' id='word_1_10' title='bbox 1151 285 1217 322; x_wconf 81' lang='lat' dir='ltr'><strong>His</strong></span> <span class='ocrx_word' id='word_1_11' title='bbox 1231 277 1330 322; x_wconf 55' lang='lat' dir='ltr'><strong>⁴locis</strong></span> <span class='ocrx_word' id='word_1_12' title='bbox 1355 285 1571 333; x_wconf 78' lang='lat' dir='ltr'><strong>praepositio</strong></span> 
     </span>
     <span class='ocr_line' id='line_1_3' title="bbox 137 338 1616 391; baseline 0.004 -15"><span class='ocrx_word' id='word_1_13' title='bbox 137 342 231 377; x_wconf 90' lang='lat' dir='ltr'><strong>inter</strong></span> <span class='ocrx_word' id='word_1_14' title='bbox 256 338 306 384; x_wconf 78' lang='grc' dir='ltr'><strong>ὥς</strong></span> <span class='ocrx_word' id='word_1_15' title='bbox 331 344 368 377; x_wconf 87' lang='lat' dir='ltr'><strong>et</strong></span> <span class='ocrx_word' id='word_1_16' title='bbox 393 343 607 379; x_wconf 85' lang='lat' dir='ltr'><strong>vocabulum</strong></span> <span class='ocrx_word' id='word_1_17' title='bbox 634 344 678 379; x_wconf 90' lang='lat' dir='ltr'><strong>ad</strong></span> <span class='ocrx_word' id='word_1_18' title='bbox 703 344 797 390; x_wconf 91' lang='lat' dir='ltr'><strong>quod</strong></span> <span class='ocrx_word' id='word_1_19' title='bbox 823 345 994 390; x_wconf 84' lang='lat' dir='ltr'><strong>pertinet,</strong></span> <span class='ocrx_word' id='word_1_20' title='bbox 1019 344 1270 391; x_wconf 85' lang='lat' dir='ltr'><strong>interponitur.</strong></span> <span class='ocrx_word' id='word_1_21' title='bbox 1615 385 1616 389; x_wconf 46' lang='lat'>,</span> 
     </span>
    </p>

    <p class='ocr_par' dir='ltr' id='par_1_3' title="bbox 132 395 1625 627">
     <span class='ocr_line' id='line_1_4' title="bbox 231 395 1625 451; baseline 0.002 -15"><span class='ocrx_word' id='word_1_22' title='bbox 231 400 408 448; x_wconf 70' lang='lat' dir='ltr'><strong>Exempla</strong></span> <span class='ocrx_word' id='word_1_23' title='bbox 429 404 526 438; x_wconf 89' lang='lat' dir='ltr'><strong>sunt:</strong></span> <span class='ocrx_word' id='word_1_24' title='bbox 553 402 598 449; x_wconf 83' lang='grc' dir='ltr'><strong>Π,</strong></span> <span class='ocrx_word' id='word_1_25' title='bbox 622 403 689 439; x_wconf 88' lang='lat'><strong>138</strong></span> <span class='ocrx_word' id='word_1_26' title='bbox 716 395 773 445; x_wconf 57' lang='grc' dir='ltr'><strong>ὡς’</strong></span> <span class='ocrx_word' id='word_1_27' title='bbox 790 401 973 449; x_wconf 79' lang='grc' dir='ltr'><strong><em>τεσσέρων</em></strong></span> <span class='ocrx_word' id='word_1_28' title='bbox 998 402 1183 451; x_wconf 80' lang='grc' dir='ltr'><strong><em>πλέθρων.</em></strong></span> <span class='ocrx_word' id='word_1_29' title='bbox 1233 403 1298 450; x_wconf 89' lang='lat'><strong>111,</strong></span> <span class='ocrx_word' id='word_1_30' title='bbox 1318 404 1366 440; x_wconf 80' lang='lat'><strong>25</strong></span> <span class='ocrx_word' id='word_1_31' title='bbox 1392 399 1441 446; x_wconf 77' lang='grc' dir='ltr'><strong>ὡς</strong></span> <span class='ocrx_word' id='word_1_32' title='bbox 1464 401 1571 439; x_wconf 85' lang='grc' dir='ltr'><strong><em>πέντε</em></strong></span> <span class='ocrx_word' id='word_1_33' title='bbox 1614 431 1625 439; x_wconf 46' lang='lat' dir='ltr'><strong><em>s</em></strong></span> 
     </span>
     <span class='ocr_line' id='line_1_5' title="bbox 132 458 1571 509; baseline 0.001 -13"><span class='ocrx_word' id='word_1_34' title='bbox 132 459 325 508; x_wconf 79' lang='grc' dir='ltr'><em>μυριάδας.</em></span> <span class='ocrx_word' id='word_1_35' title='bbox 376 462 424 498; x_wconf 85' lang='grc'><strong>65</strong></span> <span class='ocrx_word' id='word_1_36' title='bbox 460 459 616 509; x_wconf 81' lang='grc' dir='ltr'><em>ἡμέρῃσι</em></span> <span class='ocrx_word' id='word_1_37' title='bbox 647 459 687 497; x_wconf 78' lang='grc' dir='ltr'><strong>δὲ</strong></span> <span class='ocrx_word' id='word_1_38' title='bbox 712 458 870 507; x_wconf 81' lang='grc' dir='ltr'><strong><em>ὕστερον</em></strong></span> <span class='ocrx_word' id='word_1_39' title='bbox 897 458 947 504; x_wconf 79' lang='grc' dir='ltr'><strong>ὥς</strong></span> <span class='ocrx_word' id='word_1_40' title='bbox 973 464 1099 498; x_wconf 80' lang='grc' dir='ltr'><strong><em>εἴκοσι.</em></strong></span> <span class='ocrx_word' id='word_1_41' title='bbox 1149 462 1212 508; x_wconf 89' lang='lat' dir='ltr'><strong>IV,</strong></span> <span class='ocrx_word' id='word_1_42' title='bbox 1240 463 1309 499; x_wconf 80' lang='lat'><strong>195</strong></span> <span class='ocrx_word' id='word_1_43' title='bbox 1345 459 1395 504; x_wconf 79' lang='grc' dir='ltr'><strong>ὡς</strong></span> <span class='ocrx_word' id='word_1_44' title='bbox 1419 461 1571 508; x_wconf 76' lang='grc' dir='ltr'><strong><em>τέσσερα</em></strong></span> 
     </span>
     <span class='ocr_line' id='line_1_6' title="bbox 132 516 1570 568; baseline 0.002 -14"><span class='ocrx_word' id='word_1_45' title='bbox 132 516 274 555; x_wconf 80' lang='grc' dir='ltr'><strong><em>στάδια.</em></strong></span> <span class='ocrx_word' id='word_1_46' title='bbox 320 520 403 564; x_wconf 86' lang='lat' dir='ltr'>VII,</span> <span class='ocrx_word' id='word_1_47' title='bbox 425 521 473 556; x_wconf 81' lang='lat'><strong>22</strong></span> <span class='ocrx_word' id='word_1_48' title='bbox 499 517 548 562; x_wconf 76' lang='grc' dir='ltr'><strong>ὥς</strong></span> <span class='ocrx_word' id='word_1_49' title='bbox 573 517 741 556; x_wconf 78' lang='grc' dir='ltr'><strong><em>δυώδεκα</em></strong></span> <span class='ocrx_word' id='word_1_50' title='bbox 767 519 937 556; x_wconf 78' lang='grc' dir='ltr'><strong><em>σταδίων.</em></strong></span> <span class='ocrx_word' id='word_1_51' title='bbox 978 519 1081 567; x_wconf 87' lang='lat' dir='ltr'>VIII,</span> <span class='ocrx_word' id='word_1_52' title='bbox 1104 521 1152 556; x_wconf 87' lang='lat'><strong>24</strong></span> <span class='ocrx_word' id='word_1_53' title='bbox 1177 517 1227 563; x_wconf 82' lang='grc' dir='ltr'><strong>ὡς</strong></span> <span class='ocrx_word' id='word_1_54' title='bbox 1252 522 1401 567; x_wconf 82' lang='grc' dir='ltr'><strong><em>χιλίους.</em></strong></span> <span class='ocrx_word' id='word_1_55' title='bbox 1441 519 1504 568; x_wconf 84' lang='grc' dir='ltr'><strong>ΙΧ,</strong></span> <span class='ocrx_word' id='word_1_56' title='bbox 1523 520 1570 557; x_wconf 85' lang='grc'><strong>29</strong></span> 
     </span>
     <span class='ocr_line' id='line_1_7' title="bbox 135 573 1556 627; baseline 0.002 -14"><span class='ocrx_word' id='word_1_57' title='bbox 135 574 186 620; x_wconf 77' lang='grc' dir='ltr'><strong>ὥς</strong></span> <span class='ocrx_word' id='word_1_58' title='bbox 211 573 272 621; x_wconf 85' lang='grc' dir='ltr'><strong><em>εἷς.</em></strong></span> <span class='ocrx_word' id='word_1_59' title='bbox 324 580 371 616; x_wconf 88' lang='grc'><strong>93</strong></span> <span class='ocrx_word' id='word_1_60' title='bbox 398 577 448 622; x_wconf 80' lang='grc' dir='ltr'><strong>ὡς</strong></span> <span class='ocrx_word' id='word_1_61' title='bbox 473 577 657 625; x_wconf 79' lang='grc' dir='ltr'><strong><em>ἑξήκοντα.</em></strong></span> <span class='ocrx_word' id='word_1_62' title='bbox 1550 623 1556 627; x_wconf 38' lang='lat'><em>‚</em></span> 
     </span>
    </p>

    <p class='ocr_par' dir='ltr' id='par_1_4' title="bbox 131 635 1600 1095">
     <span class='ocr_line' id='line_1_8' title="bbox 231 635 1569 695; baseline 0.002 -24"><span class='ocrx_word' id='word_1_63' title='bbox 231 635 344 683; x_wconf 85' lang='lat' dir='ltr'><strong>Saepe</strong></span> <span class='ocrx_word' id='word_1_64' title='bbox 376 636 518 672; x_wconf 82' lang='lat' dir='ltr'><strong>additur</strong></span> <span class='ocrx_word' id='word_1_65' title='bbox 551 637 757 672; x_wconf 80' lang='lat' dir='ltr'><strong>adverbium</strong></span> <span class='ocrx_word' id='word_1_66' title='bbox 787 636 1027 682; x_wconf 88' lang='lat' dir='ltr'><strong>indefinitum,</strong></span> <span class='ocrx_word' id='word_1_67' title='bbox 1059 648 1208 684; x_wconf 89' lang='lat' dir='ltr'><strong>quocum</strong></span> <span class='ocrx_word' id='word_1_68' title='bbox 1236 648 1393 695; x_wconf 57' lang='lat' dir='ltr'><strong>semper4</strong></span> <span class='ocrx_word' id='word_1_69' title='bbox 1422 640 1569 684; x_wconf 88' lang='lat' dir='ltr'><strong>excepto</strong></span> 
     </span>
     <span class='ocr_line' id='line_1_9' title="bbox 132 692 1570 742; baseline 0.003 -12"><span class='ocrx_word' id='word_1_70' title='bbox 132 697 274 730; x_wconf 87' lang='lat' dir='ltr'><strong>tantum</strong></span> <span class='ocrx_word' id='word_1_71' title='bbox 307 695 371 741; x_wconf 83' lang='grc' dir='ltr'><strong>ΙΙΙ,</strong></span> <span class='ocrx_word' id='word_1_72' title='bbox 396 696 418 731; x_wconf 88' lang='lat'><strong>3</strong></span> <span class='ocrx_word' id='word_1_73' title='bbox 445 696 525 731; x_wconf 82' lang='grc' dir='ltr'><strong><em>ἔτεα</em></strong></span> <span class='ocrx_word' id='word_1_74' title='bbox 551 692 599 738; x_wconf 78' lang='grc' dir='ltr'><strong>ὡς</strong></span> <span class='ocrx_word' id='word_1_75' title='bbox 626 695 712 732; x_wconf 89' lang='grc' dir='ltr'><strong><em>δέκα</em></strong></span> <span class='ocrx_word' id='word_1_76' title='bbox 737 708 818 741; x_wconf 82' lang='grc' dir='ltr'><strong><em>κου,</em></strong></span> <span class='ocrx_word' id='word_1_77' title='bbox 844 695 1074 742; x_wconf 87' lang='lat' dir='ltr'><strong>coniungitur</strong></span> <span class='ocrx_word' id='word_1_78' title='bbox 1099 693 1264 741; x_wconf 78' lang='grc' dir='ltr'><strong><em>μάλιστα.</em></strong></span> <span class='ocrx_word' id='word_1_79' title='bbox 1314 696 1341 742; x_wconf 84' lang='grc' dir='ltr'><strong>Ι,</strong></span> <span class='ocrx_word' id='word_1_80' title='bbox 1364 696 1432 733; x_wconf 87' lang='grc'><strong>191</strong></span> <span class='ocrx_word' id='word_1_81' title='bbox 1460 694 1509 740; x_wconf 79' lang='grc' dir='ltr'><strong>ὦς</strong></span> <span class='ocrx_word' id='word_1_82' title='bbox 1533 696 1570 740; x_wconf 78' lang='grc' dir='ltr'><strong>ἐς</strong></span> 
     </span>
     <span class='ocr_line' id='line_1_10' title="bbox 132 751 1570 802; baseline 0.002 -13"><span class='ocrx_word' id='word_1_83' title='bbox 132 753 247 798; x_wconf 83' lang='grc' dir='ltr'><strong><em>μέσον</em></strong></span> <span class='ocrx_word' id='word_1_84' title='bbox 272 751 391 801; x_wconf 81' lang='grc' dir='ltr'><strong><em>μηρὸν</em></strong></span> <span class='ocrx_word' id='word_1_85' title='bbox 417 752 575 800; x_wconf 80' lang='grc' dir='ltr'><strong><em>μάλιστά</em></strong></span> <span class='ocrx_word' id='word_1_86' title='bbox 600 768 654 802; x_wconf 84' lang='grc' dir='ltr'><strong>κῃ.</strong></span> <span class='ocrx_word' id='word_1_87' title='bbox 692 754 738 800; x_wconf 93' lang='lat' dir='ltr'><strong>II,</strong></span> <span class='ocrx_word' id='word_1_88' title='bbox 758 755 827 791; x_wconf 87' lang='lat'><strong>130</strong></span> <span class='ocrx_word' id='word_1_89' title='bbox 849 751 898 797; x_wconf 81' lang='grc' dir='ltr'><strong>ὦς</strong></span> <span class='ocrx_word' id='word_1_90' title='bbox 919 757 1034 790; x_wconf 82' lang='grc' dir='ltr'><strong><em>εἴκοσι</em></strong></span> <span class='ocrx_word' id='word_1_91' title='bbox 1052 752 1210 800; x_wconf 42' lang='grc' dir='ltr'><strong><em>,μάλιστά</em></strong></span> <span class='ocrx_word' id='word_1_92' title='bbox 1232 767 1287 802; x_wconf 82' lang='grc' dir='ltr'><strong>κῃ.</strong></span> <span class='ocrx_word' id='word_1_93' title='bbox 1317 754 1380 802; x_wconf 89' lang='lat' dir='ltr'><strong>IV,</strong></span> <span class='ocrx_word' id='word_1_94' title='bbox 1399 756 1472 792; x_wconf 81' lang='lat'>124-</span> <span class='ocrx_word' id='word_1_95' title='bbox 1489 765 1570 792; x_wconf 77' lang='grc' dir='ltr'><strong><em>στα·</em></strong></span> 
     </span>
     <span class='ocr_line' id='line_1_11' title="bbox 133 809 1571 862; baseline 0.003 -16"><span class='ocrx_word' id='word_1_96' title='bbox 133 812 236 854; x_wconf 82' lang='grc' dir='ltr'><strong><em>δίους</em></strong></span> <span class='ocrx_word' id='word_1_97' title='bbox 262 809 320 855; x_wconf 72' lang='grc' dir='ltr'><strong>ὦς’</strong></span> <span class='ocrx_word' id='word_1_98' title='bbox 337 810 510 859; x_wconf 81' lang='grc' dir='ltr'><strong><em>ἑξήκοντα</em></strong></span> <span class='ocrx_word' id='word_1_99' title='bbox 535 811 692 859; x_wconf 76' lang='grc' dir='ltr'><strong><em>μάλιστά</em></strong></span> <span class='ocrx_word' id='word_1_100' title='bbox 718 827 773 862; x_wconf 81' lang='grc' dir='ltr'><strong>κῃ.</strong></span> <span class='ocrx_word' id='word_1_101' title='bbox 804 813 848 860; x_wconf 90' lang='lat' dir='ltr'><strong>V,</strong></span> <span class='ocrx_word' id='word_1_102' title='bbox 869 814 916 850; x_wconf 88' lang='lat'><strong>83</strong></span> <span class='ocrx_word' id='word_1_103' title='bbox 937 811 1067 849; x_wconf 78' lang='grc' dir='ltr'><strong><em>στάδια</em></strong></span> <span class='ocrx_word' id='word_1_104' title='bbox 1094 811 1135 849; x_wconf 75' lang='grc' dir='ltr'><strong>δὲ</strong></span> <span class='ocrx_word' id='word_1_105' title='bbox 1159 811 1317 860; x_wconf 73' lang='grc' dir='ltr'><strong><em>μάλιστα</em></strong></span> <span class='ocrx_word' id='word_1_106' title='bbox 1343 827 1388 862; x_wconf 79' lang='grc' dir='ltr'><strong>κῃ</strong></span> <span class='ocrx_word' id='word_1_107' title='bbox 1414 811 1486 850; x_wconf 82' lang='grc' dir='ltr'><strong>ἀπὸ</strong></span> <span class='ocrx_word' id='word_1_108' title='bbox 1506 814 1571 860; x_wconf 85' lang='grc' dir='ltr'><strong><em>τῆς</em></strong></span> 
     </span>
     <span class='ocr_line' id='line_1_12' title="bbox 131 868 1600 922; baseline 0 -17"><span class='ocrx_word' id='word_1_109' title='bbox 131 868 259 912; x_wconf 81' lang='grc' dir='ltr'><strong><em>πόλιος</em></strong></span> <span class='ocrx_word' id='word_1_110' title='bbox 285 868 333 912; x_wconf 77' lang='grc' dir='ltr'><strong>ὦς</strong></span> <span class='ocrx_word' id='word_1_111' title='bbox 358 874 473 906; x_wconf 78' lang='grc' dir='ltr'><strong><em>εἴκοσι</em></strong></span> <span class='ocrx_word' id='word_1_112' title='bbox 500 870 681 917; x_wconf 90' lang='lat' dir='ltr'><strong>(omnibus</strong></span> <span class='ocrx_word' id='word_1_113' title='bbox 703 873 791 908; x_wconf 88' lang='lat' dir='ltr'><strong>locis</strong></span> <span class='ocrx_word' id='word_1_114' title='bbox 813 877 953 919; x_wconf 88' lang='lat' dir='ltr'><strong>praeter</strong></span> <span class='ocrx_word' id='word_1_115' title='bbox 973 872 1067 907; x_wconf 92' lang='lat' dir='ltr'><strong>hunc</strong></span> <span class='ocrx_word' id='word_1_116' title='bbox 1088 870 1243 919; x_wconf 78' lang='grc' dir='ltr'><strong><em>μάλιστά</em></strong></span> <span class='ocrx_word' id='word_1_117' title='bbox 1268 885 1313 920; x_wconf 79' lang='grc' dir='ltr'><strong>κῃ</strong></span> <span class='ocrx_word' id='word_1_118' title='bbox 1334 876 1418 918; x_wconf 89' lang='lat' dir='ltr'><strong>post</strong></span> <span class='ocrx_word' id='word_1_119' title='bbox 1440 884 1570 922; x_wconf 82' lang='lat' dir='ltr'><strong>nomen</strong></span> <span class='ocrx_word' id='word_1_120' title='bbox 1597 900 1600 905; x_wconf 89' lang='lat'>.</span> 
     </span>
     <span class='ocr_line' id='line_1_13' title="bbox 132 927 1566 978; baseline 0.002 -15"><span class='ocrx_word' id='word_1_121' title='bbox 132 929 312 964; x_wconf 86' lang='lat' dir='ltr'><strong>numerale</strong></span> <span class='ocrx_word' id='word_1_122' title='bbox 328 928 497 977; x_wconf 89' lang='lat' dir='ltr'><strong>ponitur).</strong></span> <span class='ocrx_word' id='word_1_123' title='bbox 524 929 604 974; x_wconf 83' lang='lat' dir='ltr'>VII,</span> <span class='ocrx_word' id='word_1_124' title='bbox 620 931 668 966; x_wconf 87' lang='lat'><strong>30</strong></span> <span class='ocrx_word' id='word_1_125' title='bbox 689 929 751 966; x_wconf 84' lang='grc' dir='ltr'><strong>διὰ</strong></span> <span class='ocrx_word' id='word_1_126' title='bbox 774 931 935 966; x_wconf 81' lang='grc' dir='ltr'><strong><em>σταδίων</em></strong></span> <span class='ocrx_word' id='word_1_127' title='bbox 957 927 1006 973; x_wconf 77' lang='grc' dir='ltr'><strong>ὥς</strong></span> <span class='ocrx_word' id='word_1_128' title='bbox 1026 929 1138 972; x_wconf 83' lang='grc' dir='ltr'><strong><em>πέντε,</em></strong></span> <span class='ocrx_word' id='word_1_129' title='bbox 1151 928 1308 976; x_wconf 75' lang='grc' dir='ltr'><strong><em>μάλιστά</em></strong></span> <span class='ocrx_word' id='word_1_130' title='bbox 1327 944 1383 978; x_wconf 78' lang='grc' dir='ltr'><strong>κῃ,</strong></span> <span class='ocrx_word' id='word_1_131' title='bbox 1408 930 1508 977; x_wconf 90' lang='lat' dir='ltr'>VIII,</span> <span class='ocrx_word' id='word_1_132' title='bbox 1521 931 1566 966; x_wconf 88' lang='lat'><strong>31</strong></span> 
     </span>
     <span class='ocr_line' id='line_1_14' title="bbox 131 983 1568 1039; baseline 0.003 -18"><span class='ocrx_word' id='word_1_133' title='bbox 131 983 181 1028; x_wconf 74' lang='grc' dir='ltr'><strong>ὡς</strong></span> <span class='ocrx_word' id='word_1_134' title='bbox 196 985 394 1033; x_wconf 81' lang='grc' dir='ltr'><strong><em>τριήκοντα</em></strong></span> <span class='ocrx_word' id='word_1_135' title='bbox 409 988 570 1024; x_wconf 86' lang='grc' dir='ltr'><strong><em>σταδίων</em></strong></span> <span class='ocrx_word' id='word_1_136' title='bbox 586 987 743 1034; x_wconf 67' lang='grc' dir='ltr'><strong><em>μάλιστα</em></strong></span> <span class='ocrx_word' id='word_1_137' title='bbox 759 1003 814 1037; x_wconf 81' lang='grc' dir='ltr'><strong>κῃ.</strong></span> <span class='ocrx_word' id='word_1_138' title='bbox 830 990 891 1034; x_wconf 85' lang='grc' dir='ltr'><strong>ΙΧ,</strong></span> <span class='ocrx_word' id='word_1_139' title='bbox 906 990 950 1026; x_wconf 83' lang='grc'><strong>15</strong></span> <span class='ocrx_word' id='word_1_140' title='bbox 966 987 1012 1025; x_wconf 79' lang='grc' dir='ltr'><strong>οὐ</strong></span> <span class='ocrx_word' id='word_1_141' title='bbox 1028 988 1153 1036; x_wconf 85' lang='grc' dir='ltr'><strong><em>μέντοι</em></strong></span> <span class='ocrx_word' id='word_1_142' title='bbox 1168 987 1211 1025; x_wconf 89' lang='grc' dir='ltr'><strong><em>τό</em></strong></span> <span class='ocrx_word' id='word_1_143' title='bbox 1227 1003 1268 1035; x_wconf 80' lang='grc' dir='ltr'><strong>γε</strong></span> <span class='ocrx_word' id='word_1_144' title='bbox 1283 995 1399 1036; x_wconf 78' lang='grc' dir='ltr'><strong><em>τεῖχος</em></strong></span> <span class='ocrx_word' id='word_1_145' title='bbox 1413 985 1568 1039; x_wconf 81' lang='grc' dir='ltr'><strong><em>τοσοῦτο</em></strong></span> 
     </span>
     <span class='ocr_line' id='line_1_15' title="bbox 133 1043 1520 1095; baseline 0.002 -15"><span class='ocrx_word' id='word_1_146' title='bbox 133 1044 305 1091; x_wconf 82' lang='grc' dir='ltr'><strong><em>ἐποιέετο,</em></strong></span> <span class='ocrx_word' id='word_1_147' title='bbox 331 1043 411 1081; x_wconf 79' lang='grc' dir='ltr'><strong>ἀλλ’</strong></span> <span class='ocrx_word' id='word_1_148' title='bbox 441 1043 490 1088; x_wconf 77' lang='grc' dir='ltr'><strong>ὥς</strong></span> <span class='ocrx_word' id='word_1_149' title='bbox 516 1045 573 1082; x_wconf 82' lang='grc' dir='ltr'><strong>ἐπὶ</strong></span> <span class='ocrx_word' id='word_1_150' title='bbox 600 1047 688 1083; x_wconf 82' lang='grc' dir='ltr'><strong><em>δέκα</em></strong></span> <span class='ocrx_word' id='word_1_151' title='bbox 714 1049 888 1090; x_wconf 81' lang='grc' dir='ltr'><strong><em>σταδίους</em></strong></span> <span class='ocrx_word' id='word_1_152' title='bbox 913 1046 1069 1094; x_wconf 78' lang='grc' dir='ltr'><strong><em>μάλιστά</em></strong></span> <span class='ocrx_word' id='word_1_153' title='bbox 1092 1061 1137 1095; x_wconf 80' lang='grc' dir='ltr'><strong>κῃ</strong></span> <span class='ocrx_word' id='word_1_154' title='bbox 1163 1047 1331 1094; x_wconf 87' lang='grc' dir='ltr'><strong><em>μέτωπον</em></strong></span> <span class='ocrx_word' id='word_1_155' title='bbox 1357 1047 1520 1083; x_wconf 80' lang='grc' dir='ltr'><strong><em>ἕκαστον.</em></strong></span> 
     </span>
    </p>

    <p class='ocr_par' dir='ltr' id='par_1_5' title="bbox 132 1103 1571 1272">
     <span class='ocr_line' id='line_1_16' title="bbox 230 1103 1569 1154; baseline 0.002 -15"><span class='ocrx_word' id='word_1_156' title='bbox 230 1103 433 1141; x_wconf 85' lang='lat' dir='ltr'><strong>Memoratu</strong></span> <span class='ocrx_word' id='word_1_157' title='bbox 470 1107 526 1141; x_wconf 89' lang='lat' dir='ltr'><strong>est</strong></span> <span class='ocrx_word' id='word_1_158' title='bbox 559 1106 706 1154; x_wconf 87' lang='lat' dir='ltr'><strong>dignum</strong></span> <span class='ocrx_word' id='word_1_159' title='bbox 738 1108 813 1143; x_wconf 86' lang='lat' dir='ltr'><strong>sine</strong></span> <span class='ocrx_word' id='word_1_160' title='bbox 844 1103 893 1149; x_wconf 77' lang='grc' dir='ltr'><strong>ὥς</strong></span> <span class='ocrx_word' id='word_1_161' title='bbox 924 1109 959 1142; x_wconf 91' lang='lat' dir='ltr'><strong>et</strong></span> <span class='ocrx_word' id='word_1_162' title='bbox 988 1120 1056 1142; x_wconf 83' lang='grc' dir='ltr'><strong>κου</strong></span> <span class='ocrx_word' id='word_1_163' title='bbox 1086 1104 1242 1153; x_wconf 81' lang='grc' dir='ltr'><strong><em>μάλιστα</em></strong></span> <span class='ocrx_word' id='word_1_164' title='bbox 1273 1109 1308 1143; x_wconf 90' lang='lat' dir='ltr'><strong>et</strong></span> <span class='ocrx_word' id='word_1_165' title='bbox 1337 1103 1494 1153; x_wconf 74' lang='grc' dir='ltr'><strong><em>μάλιστά</em></strong></span> <span class='ocrx_word' id='word_1_166' title='bbox 1524 1119 1569 1154; x_wconf 81' lang='grc' dir='ltr'><strong>κῃ</strong></span> 
     </span>
     <span class='ocr_line' id='line_1_17' title="bbox 132 1162 1571 1213; baseline 0.002 -16"><span class='ocrx_word' id='word_1_167' title='bbox 132 1162 254 1198; x_wconf 88' lang='lat' dir='ltr'><strong>eadem</strong></span> <span class='ocrx_word' id='word_1_168' title='bbox 291 1163 550 1210; x_wconf 84' lang='lat' dir='ltr'><strong>significatione</strong></span> <span class='ocrx_word' id='word_1_169' title='bbox 586 1167 760 1212; x_wconf 85' lang='lat' dir='ltr'><strong>usurpari.</strong></span> <span class='ocrx_word' id='word_1_170' title='bbox 811 1166 984 1213; x_wconf 85' lang='lat' dir='ltr'><strong>Exempla</strong></span> <span class='ocrx_word' id='word_1_171' title='bbox 1015 1165 1113 1200; x_wconf 87' lang='lat' dir='ltr'><strong>illius</strong></span> <span class='ocrx_word' id='word_1_172' title='bbox 1145 1165 1302 1201; x_wconf 89' lang='lat' dir='ltr'><strong>invenies</strong></span> <span class='ocrx_word' id='word_1_173' title='bbox 1335 1165 1363 1212; x_wconf 92' lang='lat'><strong>1,</strong></span> <span class='ocrx_word' id='word_1_174' title='bbox 1383 1165 1473 1211; x_wconf 88' lang='lat'>119‚·</span> <span class='ocrx_word' id='word_1_175' title='bbox 1491 1165 1571 1211; x_wconf 86' lang='lat'><em>186,</em></span> 
     </span>
     <span class='ocr_line' id='line_1_18' title="bbox 132 1221 918 1272; baseline 0.006 -17"><span class='ocrx_word' id='word_1_176' title='bbox 132 1221 203 1256; x_wconf 80' lang='lat'><strong>209</strong></span> <span class='ocrx_word' id='word_1_177' title='bbox 231 1221 331 1268; x_wconf 85' lang='lat' dir='ltr'><strong>alibi3</strong></span> <span class='ocrx_word' id='word_1_178' title='bbox 357 1222 462 1259; x_wconf 88' lang='lat' dir='ltr'><strong>huius</strong></span> <span class='ocrx_word' id='word_1_179' title='bbox 490 1222 592 1270; x_wconf 87' lang='lat' dir='ltr'>VIII,</span> <span class='ocrx_word' id='word_1_180' title='bbox 608 1225 641 1270; x_wconf 89' lang='lat'><strong>8,</strong></span> <span class='ocrx_word' id='word_1_181' title='bbox 668 1224 715 1260; x_wconf 89' lang='lat'><strong>65</strong></span> <span class='ocrx_word' id='word_1_182' title='bbox 741 1227 778 1261; x_wconf 89' lang='lat' dir='ltr'><strong>et</strong></span> <span class='ocrx_word' id='word_1_183' title='bbox 803 1237 918 1272; x_wconf 83' lang='lat' dir='ltr'><strong>saepe.</strong></span> 
     </span>
    </p>

    <p class='ocr_par' dir='ltr' id='par_1_6' title="bbox 230 1280 1569 1331">
     <span class='ocr_line' id='line_1_19' title="bbox 230 1280 1569 1331; baseline 0.002 -15"><span class='ocrx_word' id='word_1_184' title='bbox 230 1280 390 1317; x_wconf 84' lang='lat' dir='ltr'><strong>Eandem</strong></span> <span class='ocrx_word' id='word_1_185' title='bbox 415 1283 487 1318; x_wconf 88' lang='lat' dir='ltr'><strong>vim</strong></span> <span class='ocrx_word' id='word_1_186' title='bbox 513 1282 669 1331; x_wconf 89' lang='lat' dir='ltr'><strong>tribuo¹)</strong></span> <span class='ocrx_word' id='word_1_187' title='bbox 695 1284 887 1330; x_wconf 78' lang='lat' dir='ltr'><strong>particulae</strong></span> <span class='ocrx_word' id='word_1_188' title='bbox 909 1282 959 1326; x_wconf 76' lang='grc' dir='ltr'><strong>ὥς</strong></span> <span class='ocrx_word' id='word_1_189' title='bbox 984 1284 1020 1319; x_wconf 93' lang='lat' dir='ltr'><strong>in</strong></span> <span class='ocrx_word' id='word_1_190' title='bbox 1043 1283 1283 1319; x_wconf 90' lang='lat' dir='ltr'><strong>locutionibus</strong></span> <span class='ocrx_word' id='word_1_191' title='bbox 1305 1280 1354 1325; x_wconf 78' lang='grc' dir='ltr'><strong>ὡς</strong></span> <span class='ocrx_word' id='word_1_192' title='bbox 1373 1281 1414 1319; x_wconf 88' lang='grc' dir='ltr'><strong><em>τὸ</em></strong></span> <span class='ocrx_word' id='word_1_193' title='bbox 1436 1283 1569 1319; x_wconf 79' lang='grc' dir='ltr'><strong><em>ἐπίπαν</em></strong></span> 
     </span>
    </p>
   </div>
   <div class='ocr_carea' id='block_1_2' title="bbox 69 1337 1276 1388">
    <p class='ocr_par' dir='ltr' id='par_1_7' title="bbox 69 1337 1276 1388">
     <span class='ocr_line' id='line_1_20' title="bbox 69 1337 1276 1388; baseline 0.005 -16"><span class='ocrx_word' id='word_1_194' title='bbox 69 1356 73 1361; x_wconf 66' lang='grc'><strong><em>«</em></strong></span> <span class='ocrx_word' id='word_1_195' title='bbox 132 1337 194 1384; x_wconf 82' lang='lat' dir='ltr'><strong>lv,</strong></span> <span class='ocrx_word' id='word_1_196' title='bbox 216 1339 278 1386; x_wconf 87' lang='lat'><strong>68;</strong></span> <span class='ocrx_word' id='word_1_197' title='bbox 304 1338 384 1386; x_wconf 84' lang='lat' dir='ltr'><strong>vn,</strong></span> <span class='ocrx_word' id='word_1_198' title='bbox 405 1340 463 1387; x_wconf 88' lang='lat'><strong>50,</strong></span> <span class='ocrx_word' id='word_1_199' title='bbox 492 1341 577 1388; x_wconf 73' lang='lat'>1573</span> <span class='ocrx_word' id='word_1_200' title='bbox 604 1341 702 1388; x_wconf 87' lang='lat' dir='ltr'><strong>v111,</strong></span> <span class='ocrx_word' id='word_1_201' title='bbox 719 1343 795 1388; x_wconf 69' lang='lat'><strong>607</strong></span> <span class='ocrx_word' id='word_1_202' title='bbox 821 1344 857 1378; x_wconf 71' lang='lat' dir='ltr'><strong>et</strong></span> <span class='ocrx_word' id='word_1_203' title='bbox 883 1339 932 1384; x_wconf 71' lang='grc' dir='ltr'><strong>ὡς</strong></span> <span class='ocrx_word' id='word_1_204' title='bbox 958 1341 1089 1377; x_wconf 70' lang='grc' dir='ltr'><strong><em>ἐπίπαν</em></strong></span> <span class='ocrx_word' id='word_1_205' title='bbox 1115 1342 1162 1388; x_wconf 85' lang='lat'><strong>11,</strong></span> <span class='ocrx_word' id='word_1_206' title='bbox 1183 1341 1276 1388; x_wconf 84' lang='lat'>68.²)</span> 
     </span>
    </p>
   </div>
   <div class='ocr_carea' id='block_1_3' title="bbox 676 1608 1026 1729">
    <p class='ocr_par' dir='ltr' id='par_1_8' title="bbox 676 1608 1026 1729">
     <span class='ocr_line' id='line_1_21' title="bbox 730 1608 977 1660; baseline 0 -13"><span class='ocrx_word' id='word_1_207' title='bbox 730 1608 876 1660; x_wconf 25' lang='lat' dir='ltr'><strong>Caput„</strong></span> <span class='ocrx_word' id='word_1_208' title='bbox 893 1608 977 1648; x_wconf 88' lang='lat' dir='ltr'>XII.</span> 
     </span>
     <span class='ocr_line' id='line_1_22' title="bbox 676 1693 1026 1729; baseline 0 0"><span class='ocrx_word' id='word_1_209' title='bbox 676 1694 724 1729; x_wconf 73' lang='grc' dir='ltr'><strong>ὡς</strong></span> <span class='ocrx_word' id='word_1_210' title='bbox 750 1693 1026 1729; x_wconf 80' lang='lat' dir='ltr'><strong>consecutivum.</strong></span> 
     </span>
    </p>
   </div>
   <div class='ocr_carea' id='block_1_4' title="bbox 131 1771 1568 2294">
    <p class='ocr_par' dir='ltr' id='par_1_9' title="bbox 131 1771 1568 2294">
     <span class='ocr_line' id='line_1_23' title="bbox 231 1771 1567 1820; baseline 0.001 -14"><span class='ocrx_word' id='word_1_211' title='bbox 231 1771 493 1808; x_wconf 83' lang='lat' dir='ltr'><strong>Sententiarum</strong></span> <span class='ocrx_word' id='word_1_212' title='bbox 532 1774 840 1809; x_wconf 88' lang='lat' dir='ltr'><strong>consecutivarum</strong></span> <span class='ocrx_word' id='word_1_213' title='bbox 874 1777 910 1808; x_wconf 90' lang='lat' dir='ltr'><strong>et</strong></span> <span class='ocrx_word' id='word_1_214' title='bbox 940 1773 1261 1820; x_wconf 87' lang='lat' dir='ltr'><strong>comparativarum</strong></span> <span class='ocrx_word' id='word_1_215' title='bbox 1293 1773 1361 1808; x_wconf 92' lang='lat' dir='ltr'><strong>hoc</strong></span> <span class='ocrx_word' id='word_1_216' title='bbox 1391 1774 1447 1808; x_wconf 89' lang='lat' dir='ltr'><strong>est</strong></span> <span class='ocrx_word' id='word_1_217' title='bbox 1476 1785 1567 1809; x_wconf 85' lang='lat' dir='ltr'><strong>com-</strong></span> 
     </span>
     <span class='ocr_line' id='line_1_24' title="bbox 133 1832 1567 1880; baseline 0.002 -16"><span class='ocrx_word' id='word_1_218' title='bbox 133 1842 238 1865; x_wconf 90' lang='lat' dir='ltr'><strong>mune</strong></span> <span class='ocrx_word' id='word_1_219' title='bbox 270 1834 311 1866; x_wconf 92' lang='lat' dir='ltr'><strong>ut</strong></span> <span class='ocrx_word' id='word_1_220' title='bbox 341 1832 551 1878; x_wconf 79' lang='lat' dir='ltr'><strong>qualitatem</strong></span> <span class='ocrx_word' id='word_1_221' title='bbox 585 1832 640 1867; x_wconf 92' lang='lat' dir='ltr'><strong>vel</strong></span> <span class='ocrx_word' id='word_1_222' title='bbox 672 1832 908 1880; x_wconf 82' lang='lat' dir='ltr'><strong>quantitatem</strong></span> <span class='ocrx_word' id='word_1_223' title='bbox 939 1832 1131 1878; x_wconf 88' lang='lat' dir='ltr'><strong>praedicati</strong></span> <span class='ocrx_word' id='word_1_224' title='bbox 1157 1832 1354 1868; x_wconf 86' lang='lat' dir='ltr'><strong>sententiae</strong></span> <span class='ocrx_word' id='word_1_225' title='bbox 1379 1832 1567 1878; x_wconf 89' lang='lat' dir='ltr'><strong>primariae</strong></span> 
     </span>
     <span class='ocr_line' id='line_1_25' title="bbox 132 1890 1568 1939; baseline 0.002 -15"><span class='ocrx_word' id='word_1_226' title='bbox 132 1890 345 1928; x_wconf 77' lang='lat' dir='ltr'><strong>describant.</strong></span> <span class='ocrx_word' id='word_1_227' title='bbox 395 1891 447 1929; x_wconf 80' lang='lat' dir='ltr'><strong>E&#39;o</strong></span> <span class='ocrx_word' id='word_1_228' title='bbox 474 1894 592 1928; x_wconf 85' lang='lat' dir='ltr'><strong>autem</strong></span> <span class='ocrx_word' id='word_1_229' title='bbox 619 1892 787 1928; x_wconf 80' lang='lat' dir='ltr'><strong>differunt</strong></span> <span class='ocrx_word' id='word_1_230' title='bbox 813 1892 905 1939; x_wconf 92' lang='lat' dir='ltr'><strong>quod</strong></span> <span class='ocrx_word' id='word_1_231' title='bbox 931 1892 967 1927; x_wconf 92' lang='lat' dir='ltr'><strong>in</strong></span> <span class='ocrx_word' id='word_1_232' title='bbox 993 1891 1178 1928; x_wconf 84' lang='lat' dir='ltr'><strong>sententiis</strong></span> <span class='ocrx_word' id='word_1_233' title='bbox 1204 1892 1459 1938; x_wconf 84' lang='lat' dir='ltr'><strong>comparativis</strong></span> <span class='ocrx_word' id='word_1_234' title='bbox 1484 1904 1568 1938; x_wconf 88' lang='lat' dir='ltr'><strong>qua·</strong></span> 
     </span>
     <span class='ocr_line' id='line_1_26' title="bbox 135 1949 1567 1998; baseline 0.001 -15"><span class='ocrx_word' id='word_1_235' title='bbox 135 1949 218 1984; x_wconf 86' lang='lat' dir='ltr'><strong>litas</strong></span> <span class='ocrx_word' id='word_1_236' title='bbox 246 1950 300 1985; x_wconf 88' lang='lat' dir='ltr'><strong>vel</strong></span> <span class='ocrx_word' id='word_1_237' title='bbox 328 1951 512 1997; x_wconf 80' lang='lat' dir='ltr'><strong>quantitas</strong></span> <span class='ocrx_word' id='word_1_238' title='bbox 538 1951 734 1997; x_wconf 80' lang='lat' dir='ltr'><strong>praedicati</strong></span> <span class='ocrx_word' id='word_1_239' title='bbox 762 1951 957 1986; x_wconf 87' lang='lat' dir='ltr'><strong>sententiae</strong></span> <span class='ocrx_word' id='word_1_240' title='bbox 981 1951 1171 1998; x_wconf 85' lang='lat' dir='ltr'><strong>primariae</strong></span> <span class='ocrx_word' id='word_1_241' title='bbox 1192 1950 1364 1997; x_wconf 86' lang='lat' dir='ltr'><strong>qualitate</strong></span> <span class='ocrx_word' id='word_1_242' title='bbox 1386 1950 1440 1985; x_wconf 90' lang='lat' dir='ltr'><strong>vel</strong></span> <span class='ocrx_word' id='word_1_243' title='bbox 1461 1962 1567 1997; x_wconf 86' lang='lat' dir='ltr'><strong>quan-</strong></span> 
     </span>
     <span class='ocr_line' id='line_1_27' title="bbox 131 2008 1567 2056; baseline 0.001 -14"><span class='ocrx_word' id='word_1_244' title='bbox 131 2008 235 2043; x_wconf 85' lang='lat' dir='ltr'><strong>titate</strong></span> <span class='ocrx_word' id='word_1_245' title='bbox 272 2009 365 2044; x_wconf 87' lang='lat' dir='ltr'><strong>alius</strong></span> <span class='ocrx_word' id='word_1_246' title='bbox 401 2010 597 2055; x_wconf 86' lang='lat' dir='ltr'><strong>praedicati</strong></span> <span class='ocrx_word' id='word_1_247' title='bbox 633 2010 816 2056; x_wconf 82' lang='lat' dir='ltr'><strong>definitur3</strong></span> <span class='ocrx_word' id='word_1_248' title='bbox 851 2010 888 2044; x_wconf 90' lang='lat' dir='ltr'><strong>in</strong></span> <span class='ocrx_word' id='word_1_249' title='bbox 919 2010 1103 2045; x_wconf 85' lang='lat' dir='ltr'><strong>sententiis</strong></span> <span class='ocrx_word' id='word_1_250' title='bbox 1135 2009 1370 2045; x_wconf 85' lang='lat' dir='ltr'><strong>consecutivis</strong></span> <span class='ocrx_word' id='word_1_251' title='bbox 1401 2020 1443 2044; x_wconf 89' lang='lat' dir='ltr'><strong>eo</strong></span> <span class='ocrx_word' id='word_1_252' title='bbox 1473 2008 1567 2055; x_wconf 82' lang='lat' dir='ltr'><strong>quod</strong></span> 
     </span>
     <span class='ocr_line' id='line_1_28' title="bbox 133 2067 1566 2115; baseline 0.001 -13"><span class='ocrx_word' id='word_1_253' title='bbox 133 2067 336 2113; x_wconf 86' lang='lat' dir='ltr'><strong>praedicato</strong></span> <span class='ocrx_word' id='word_1_254' title='bbox 364 2069 443 2115; x_wconf 90' lang='lat' dir='ltr'><strong>ipso</strong></span> <span class='ocrx_word' id='word_1_255' title='bbox 470 2069 623 2105; x_wconf 89' lang='lat' dir='ltr'><strong>efficitur</strong></span> <span class='ocrx_word' id='word_1_256' title='bbox 649 2069 705 2105; x_wconf 90' lang='lat' dir='ltr'><strong>vel</strong></span> <span class='ocrx_word' id='word_1_257' title='bbox 731 2068 824 2105; x_wconf 88' lang='lat' dir='ltr'><strong>effici</strong></span> <span class='ocrx_word' id='word_1_258' title='bbox 849 2070 976 2115; x_wconf 88' lang='lat' dir='ltr'><strong>potest.</strong></span> <span class='ocrx_word' id='word_1_259' title='bbox 1018 2068 1116 2111; x_wconf 84' lang='lat' dir='ltr'><strong>Quae</strong></span> <span class='ocrx_word' id='word_1_260' title='bbox 1137 2080 1217 2104; x_wconf 92' lang='lat' dir='ltr'><strong>cum</strong></span> <span class='ocrx_word' id='word_1_261' title='bbox 1238 2068 1290 2104; x_wconf 89' lang='lat' dir='ltr'><strong>ita</strong></span> <span class='ocrx_word' id='word_1_262' title='bbox 1311 2067 1392 2114; x_wconf 88' lang='lat' dir='ltr'><strong>sint,</strong></span> <span class='ocrx_word' id='word_1_263' title='bbox 1419 2067 1566 2104; x_wconf 89' lang='lat' dir='ltr'><strong>eandem</strong></span> 
     </span>
     <span class='ocr_line' id='line_1_29' title="bbox 132 2126 1568 2175; baseline 0.001 -14"><span class='ocrx_word' id='word_1_264' title='bbox 132 2127 343 2172; x_wconf 85' lang='lat' dir='ltr'><strong>particulam</strong></span> <span class='ocrx_word' id='word_1_265' title='bbox 380 2128 415 2163; x_wconf 91' lang='lat' dir='ltr'><strong>in</strong></span> <span class='ocrx_word' id='word_1_266' title='bbox 448 2129 631 2175; x_wconf 79' lang='lat' dir='ltr'><strong>utriusque</strong></span> <span class='ocrx_word' id='word_1_267' title='bbox 667 2128 763 2164; x_wconf 86' lang='lat' dir='ltr'><strong>modi</strong></span> <span class='ocrx_word' id='word_1_268' title='bbox 795 2127 982 2163; x_wconf 86' lang='lat' dir='ltr'><strong>sententiis</strong></span> <span class='ocrx_word' id='word_1_269' title='bbox 1014 2126 1214 2175; x_wconf 75' lang='lat' dir='ltr'><strong>usurpari³)</strong></span> <span class='ocrx_word' id='word_1_270' title='bbox 1244 2127 1343 2162; x_wconf 86' lang='lat' dir='ltr'><strong>nulla</strong></span> <span class='ocrx_word' id='word_1_271' title='bbox 1373 2129 1429 2162; x_wconf 90' lang='lat' dir='ltr'><strong>est</strong></span> <span class='ocrx_word' id='word_1_272' title='bbox 1460 2139 1568 2163; x_wconf 81' lang='lat' dir='ltr'><strong>causa</strong></span> 
     </span>
     <span class='ocr_line' id='line_1_30' title="bbox 132 2186 1566 2235; baseline 0.001 -14"><span class='ocrx_word' id='word_1_273' title='bbox 132 2198 195 2221; x_wconf 88' lang='lat' dir='ltr'><strong>cur</strong></span> <span class='ocrx_word' id='word_1_274' title='bbox 228 2186 413 2234; x_wconf 87' lang='lat' dir='ltr'><strong>miremur,</strong></span> <span class='ocrx_word' id='word_1_275' title='bbox 443 2200 557 2235; x_wconf 89' lang='lat' dir='ltr'><strong>neque</strong></span> <span class='ocrx_word' id='word_1_276' title='bbox 588 2188 752 2224; x_wconf 88' lang='lat' dir='ltr'><strong>dubitare</strong></span> <span class='ocrx_word' id='word_1_277' title='bbox 783 2199 973 2235; x_wconf 90' lang='lat' dir='ltr'><strong>possumus</strong></span> <span class='ocrx_word' id='word_1_278' title='bbox 999 2187 1085 2235; x_wconf 81' lang='lat' dir='ltr'><strong>quin</strong></span> <span class='ocrx_word' id='word_1_279' title='bbox 1110 2199 1195 2223; x_wconf 87' lang='lat' dir='ltr'><strong>usus</strong></span> <span class='ocrx_word' id='word_1_280' title='bbox 1221 2186 1297 2223; x_wconf 88' lang='lat' dir='ltr'><strong>eius</strong></span> <span class='ocrx_word' id='word_1_281' title='bbox 1322 2186 1566 2223; x_wconf 88' lang='lat' dir='ltr'><strong>consecutivus</strong></span> 
     </span>
     <span class='ocr_line' id='line_1_31' title="bbox 132 2245 1566 2294; baseline 0 -13"><span class='ocrx_word' id='word_1_282' title='bbox 132 2258 175 2281; x_wconf 86' lang='lat' dir='ltr'><strong>ex</strong></span> <span class='ocrx_word' id='word_1_283' title='bbox 210 2247 452 2293; x_wconf 87' lang='lat' dir='ltr'><strong>comparativo</strong></span> <span class='ocrx_word' id='word_1_284' title='bbox 489 2260 553 2283; x_wconf 87' lang='lat' dir='ltr'><strong>usu</strong></span> <span class='ocrx_word' id='word_1_285' title='bbox 584 2249 691 2283; x_wconf 85' lang='lat' dir='ltr'><strong>natus</strong></span> <span class='ocrx_word' id='word_1_286' title='bbox 723 2245 816 2294; x_wconf 79' lang='lat' dir='ltr'><strong>sit.⁴)</strong></span> <span class='ocrx_word' id='word_1_287' title='bbox 867 2246 907 2281; x_wconf 94' lang='lat' dir='ltr'><strong>In</strong></span> <span class='ocrx_word' id='word_1_288' title='bbox 941 2247 1117 2282; x_wconf 75' lang='lat' dir='ltr'><strong>sententia</strong></span> <span class='ocrx_word' id='word_1_289' title='bbox 1147 2246 1318 2292; x_wconf 88' lang='lat' dir='ltr'><strong>primaria</strong></span> <span class='ocrx_word' id='word_1_290' title='bbox 1347 2246 1566 2282; x_wconf 89' lang='lat' dir='ltr'><strong>demonstra-</strong></span> 
     </span>
    </p>
   </div>
   <div class='ocr_carea' id='block_1_5' title="bbox 133 2311 366 2319">
    <p class='ocr_par' dir='ltr' id='par_1_10' title="bbox 133 2311 366 2319">
     <span class='ocr_line' id='line_1_32' title="bbox 133 2311 366 2319; baseline 0 662"><span class='ocrx_word' id='word_1_291' title='bbox 133 2311 366 2319; x_wconf 95' lang='lat' dir='ltr'><strong> </strong></span> 
     </span>
    </p>
   </div>
   <div class='ocr_carea' id='block_1_6' title="bbox 131 2341 1565 2629">
    <p class='ocr_par' dir='ltr' id='par_1_11' title="bbox 133 2341 1565 2428">
     <span class='ocr_line' id='line_1_33' title="bbox 233 2341 1565 2383; baseline 0.001 -11"><span class='ocrx_word' id='word_1_292' title='bbox 233 2345 263 2381; x_wconf 89' lang='lat'><strong>1)</strong></span> <span class='ocrx_word' id='word_1_293' title='bbox 285 2343 347 2378; x_wconf 57' lang='lat' dir='ltr'><strong>Cfr.,</strong></span> <span class='ocrx_word' id='word_1_294' title='bbox 373 2344 653 2383; x_wconf 87' lang='lat' dir='ltr'><strong>Schweighaeuser.</strong></span> <span class='ocrx_word' id='word_1_295' title='bbox 690 2344 752 2374; x_wconf 89' lang='lat' dir='ltr'><strong>Lex</strong></span> <span class='ocrx_word' id='word_1_296' title='bbox 778 2343 891 2373; x_wconf 86' lang='lat' dir='ltr'><strong>Herod.</strong></span> <span class='ocrx_word' id='word_1_297' title='bbox 918 2354 939 2373; x_wconf 83' lang='lat' dir='ltr'><strong>s.</strong></span> <span class='ocrx_word' id='word_1_298' title='bbox 967 2341 1007 2378; x_wconf 80' lang='grc' dir='ltr'><strong>ὦς</strong></span> <span class='ocrx_word' id='word_1_299' title='bbox 1028 2343 1109 2382; x_wconf 84' lang='lat' dir='ltr'><strong>vm,</strong></span> <span class='ocrx_word' id='word_1_300' title='bbox 1136 2344 1168 2374; x_wconf 89' lang='lat' dir='ltr'><strong>et</strong></span> <span class='ocrx_word' id='word_1_301' title='bbox 1187 2343 1303 2375; x_wconf 69' lang='lat' dir='ltr'><strong>Wisen.</strong></span> <span class='ocrx_word' id='word_1_302' title='bbox 1325 2343 1506 2382; x_wconf 79' lang='lat' dir='ltr'><strong>(1.1..p.24)</strong></span> <span class='ocrx_word' id='word_1_303' title='bbox 1526 2342 1565 2374; x_wconf 86' lang='lat' dir='ltr'><strong>de</strong></span> 
     </span>
     <span class='ocr_line' id='line_1_34' title="bbox 133 2392 676 2428; baseline 0.004 -7"><span class='ocrx_word' id='word_1_304' title='bbox 133 2392 226 2421; x_wconf 90' lang='lat' dir='ltr'><strong>simili</strong></span> <span class='ocrx_word' id='word_1_305' title='bbox 247 2393 380 2423; x_wconf 87' lang='lat' dir='ltr'><strong>formula</strong></span> <span class='ocrx_word' id='word_1_306' title='bbox 400 2392 441 2428; x_wconf 76' lang='grc' dir='ltr'><strong>ὡς</strong></span> <span class='ocrx_word' id='word_1_307' title='bbox 461 2392 513 2424; x_wconf 73' lang='grc' dir='ltr'><strong>ἐπὶ</strong></span> <span class='ocrx_word' id='word_1_308' title='bbox 533 2393 567 2423; x_wconf 85' lang='grc' dir='ltr'><strong><em>τὸ</em></strong></span> <span class='ocrx_word' id='word_1_309' title='bbox 589 2392 676 2424; x_wconf 77' lang='grc' dir='ltr'><strong><em>πολύ.</em></strong></span> 
     </span>
    </p>

    <p class='ocr_par' dir='ltr' id='par_1_12' title="bbox 131 2440 1565 2530">
     <span class='ocr_line' id='line_1_35' title="bbox 231 2440 1565 2481; baseline 0.001 -11"><span class='ocrx_word' id='word_1_310' title='bbox 231 2443 260 2479; x_wconf 82' lang='grc'><strong>2)</strong></span> <span class='ocrx_word' id='word_1_311' title='bbox 281 2442 347 2472; x_wconf 88' lang='lat' dir='ltr'><strong>Hoc</strong></span> <span class='ocrx_word' id='word_1_312' title='bbox 373 2452 495 2481; x_wconf 87' lang='lat' dir='ltr'><strong>quoque</strong></span> <span class='ocrx_word' id='word_1_313' title='bbox 522 2443 590 2473; x_wconf 89' lang='lat' dir='ltr'><strong>loco</strong></span> <span class='ocrx_word' id='word_1_314' title='bbox 617 2441 658 2477; x_wconf 78' lang='grc' dir='ltr'><strong>ὡς</strong></span> <span class='ocrx_word' id='word_1_315' title='bbox 683 2442 717 2473; x_wconf 82' lang='grc' dir='ltr'><strong><em>τὸ</em></strong></span> <span class='ocrx_word' id='word_1_316' title='bbox 746 2440 861 2472; x_wconf 78' lang='grc' dir='ltr'><strong><em>ἐπίπαν</em></strong></span> <span class='ocrx_word' id='word_1_317' title='bbox 882 2442 1034 2479; x_wconf 83' lang='lat' dir='ltr'><strong>praebent</strong></span> <span class='ocrx_word' id='word_1_318' title='bbox 1061 2441 1183 2473; x_wconf 86' lang='lat' dir='ltr'><strong>codices</strong></span> <span class='ocrx_word' id='word_1_319' title='bbox 1204 2441 1270 2479; x_wconf 82' lang='lat' dir='ltr'><strong>Rd,</strong></span> <span class='ocrx_word' id='word_1_320' title='bbox 1296 2450 1372 2480; x_wconf 89' lang='lat' dir='ltr'><strong>quos</strong></span> <span class='ocrx_word' id='word_1_321' title='bbox 1397 2444 1502 2472; x_wconf 88' lang='lat' dir='ltr'><strong>tamen</strong></span> <span class='ocrx_word' id='word_1_322' title='bbox 1528 2451 1565 2471; x_wconf 90' lang='lat' dir='ltr'><strong>ex</strong></span> 
     </span>
     <span class='ocr_line' id='line_1_36' title="bbox 131 2490 854 2530; baseline 0.003 -10"><span class='ocrx_word' id='word_1_323' title='bbox 131 2490 301 2521; x_wconf 84' lang='lat' dir='ltr'><strong>editoribus</strong></span> <span class='ocrx_word' id='word_1_324' title='bbox 321 2501 411 2522; x_wconf 89' lang='lat' dir='ltr'><strong>nemo</strong></span> <span class='ocrx_word' id='word_1_325' title='bbox 432 2492 513 2530; x_wconf 86' lang='lat' dir='ltr'><strong>quod</strong></span> <span class='ocrx_word' id='word_1_326' title='bbox 536 2492 632 2523; x_wconf 81' lang='lat' dir='ltr'><strong>sciam</strong></span> <span class='ocrx_word' id='word_1_327' title='bbox 654 2494 777 2523; x_wconf 86' lang='lat' dir='ltr'><strong>secutus</strong></span> <span class='ocrx_word' id='word_1_328' title='bbox 798 2494 854 2522; x_wconf 86' lang='lat' dir='ltr'><strong>est.</strong></span> 
     </span>
    </p>

    <p class='ocr_par' dir='ltr' id='par_1_13' title="bbox 230 2541 1058 2581">
     <span class='ocr_line' id='line_1_37' title="bbox 230 2541 1058 2581; baseline 0 -10"><span class='ocrx_word' id='word_1_329' title='bbox 230 2543 261 2579; x_wconf 89' lang='lat'><strong>3)</strong></span> <span class='ocrx_word' id='word_1_330' title='bbox 282 2541 341 2571; x_wconf 88' lang='lat' dir='ltr'><strong>Cfr.</strong></span> <span class='ocrx_word' id='word_1_331' title='bbox 364 2542 417 2572; x_wconf 83' lang='lat' dir='ltr'><strong>lat.</strong></span> <span class='ocrx_word' id='word_1_332' title='bbox 437 2545 489 2580; x_wconf 66' lang='grc' dir='ltr'><strong>ατς</strong></span> <span class='ocrx_word' id='word_1_333' title='bbox 509 2542 595 2581; x_wconf 85' lang='lat' dir='ltr'><strong>got-h.</strong></span> <span class='ocrx_word' id='word_1_334' title='bbox 615 2552 674 2581; x_wconf 81' lang='lat' dir='ltr'><strong>sve,</strong></span> <span class='ocrx_word' id='word_1_335' title='bbox 692 2552 812 2581; x_wconf 77' lang='lat' dir='ltr'><strong>svasve;</strong></span> <span class='ocrx_word' id='word_1_336' title='bbox 832 2542 914 2580; x_wconf 83' lang='lat' dir='ltr'><strong>angl.</strong></span> <span class='ocrx_word' id='word_1_337' title='bbox 935 2551 968 2572; x_wconf 84' lang='lat' dir='ltr'><strong>so</strong></span> <span class='ocrx_word' id='word_1_338' title='bbox 988 2551 1030 2572; x_wconf 79' lang='lat' dir='ltr'><strong>as.</strong></span> <span class='ocrx_word' id='word_1_339' title='bbox 1054 2550 1058 2554; x_wconf 70' lang='grc'>’</span> 
     </span>
    </p>

    <p class='ocr_par' dir='ltr' id='par_1_14' title="bbox 229 2589 1564 2629">
     <span class='ocr_line' id='line_1_38' title="bbox 229 2589 1564 2629; baseline -0.001 -9"><span class='ocrx_word' id='word_1_340' title='bbox 229 2592 260 2629; x_wconf 88' lang='grc'><strong>4)</strong></span> <span class='ocrx_word' id='word_1_341' title='bbox 283 2591 402 2629; x_wconf 88' lang='lat' dir='ltr'><strong>Seume,</strong></span> <span class='ocrx_word' id='word_1_342' title='bbox 424 2592 468 2621; x_wconf 90' lang='lat' dir='ltr'><strong>De</strong></span> <span class='ocrx_word' id='word_1_343' title='bbox 490 2591 651 2622; x_wconf 84' lang='lat' dir='ltr'><strong>sententiis</strong></span> <span class='ocrx_word' id='word_1_344' title='bbox 672 2591 875 2622; x_wconf 86' lang='lat' dir='ltr'><strong>consecutivis</strong></span> <span class='ocrx_word' id='word_1_345' title='bbox 896 2591 1029 2629; x_wconf 83' lang='lat' dir='ltr'><strong>Graecis,</strong></span> <span class='ocrx_word' id='word_1_346' title='bbox 1051 2589 1218 2629; x_wconf 83' lang='lat' dir='ltr'><strong>Gottingae</strong></span> <span class='ocrx_word' id='word_1_347' title='bbox 1241 2593 1325 2628; x_wconf 83' lang='lat'>1883,</span> <span class='ocrx_word' id='word_1_348' title='bbox 1346 2599 1375 2627; x_wconf 88' lang='lat' dir='ltr'><strong>p.</strong></span> <span class='ocrx_word' id='word_1_349' title='bbox 1395 2592 1444 2620; x_wconf 82' lang='lat'><strong>13:</strong></span> <span class='ocrx_word' id='word_1_350' title='bbox 1473 2589 1564 2620; x_wconf 86' lang='lat' dir='ltr'><strong>‘Con-</strong></span> 
     </span>
    </p>
   </div>
  </div>
 </body>
</html>
