1771 2981
745 196 983 233 ..32-

139 281 241 331 VIII,
256 285 280 320 4
306 282 381 320 ἐπεὶ
414 281 559 321 αὐτοῖσι
592 282 689 332 παρὰ
720 283 833 329 δόξαν
863 283 907 322 τὰ
940 283 1132 334 πρήγματα
1163 286 1237 323 τῶν
1268 284 1467 335 βαρβάρων
1498 283 1583 323 dud-

141 344 247 387 βαινε
272 339 296 389 ἢ
324 339 373 386 ὡς
398 342 627 380 κατεδόκεον.
1483 386 1488 389 ,

242 411 289 457 II,
307 412 362 447 11.
388 413 464 447 ἔστι
492 410 533 448 δὲ
561 440 569 448 .
585 440 593 448 .
610 441 617 447 .
634 440 642 448 .
667 411 803 455 κόλπος
827 412 1020 459 θαλάσσης
1045 440 1153 450 .....
1179 412 1318 460 μακρὸς
1348 412 1445 450 οὕτω
1477 412 1524 460 δή
1549 427 1583 449 τι

142 468 203 505 καὶ
229 467 372 513 στεινὸς
396 467 446 512 ὡς
473 472 622 517 ἔρχομαι
649 469 819 518 φράσων.
1332 473 1334 475 ’

246 529 324 565 140.
351 526 446 572 ὅκως
472 528 543 577 γάρ
570 530 609 566 οἱ
631 530 766 576 φοιτᾶν
787 536 891 566 σῖτον
916 527 1076 576 ἄγοντας
1096 531 1309 577 Αἰγυπτίων
1331 528 1380 573 ὧς
1400 529 1585 567 ἑκάστοισι

77 631 79 633 q
141 586 415 635 προστετάχθαι
424 588 464 635 ¹).

240 656 303 704 1V,
325 658 408 694 139.
432 659 606 693 τίσασθαι
633 655 729 693 οὕτω
756 654 807 700 ὡς
831 659 978 700 κείνους
1001 657 1139 704 πρέπει.

239 725 284 771 V,
309 727 363 761 12.
390 725 632 768 σκευάσαντες
656 724 725 772 τὴν
750 724 937 772 ἀδελφεὴν
963 723 1013 768 ὡς
1038 724 1138 772 εἶχον
1164 724 1305 773 ἄριστα.

240 784 299 820 49.
324 786 560 831 κατοίκηνται
586 783 627 820 δὲ
652 781 821 831 ἀλλήλων
848 783 1017 832 ἐχόμενοι
1043 782 1093 826 ὡς
1117 784 1188 830 ἐγώ
1214 782 1355 830 φράσω.

241 853 300 900 VI,
322 854 379 890 38.
419 853 478 889 καὶ
521 854 559 889 οί
598 852 855 900 τελευτήσαντι
895 857 1159 900 Χερσονησῖται
1202 851 1341 889 θύουσι
1383 851 1432 895 ὡς
1469 853 1584 900 νόμος

142 913 298 960 οἰκιστῇ.

245 972 322 1007 107.
348 977 499 1018 πταρεῖν
525 984 562 1006 τε
587 970 647 1006 καὶ
674 971 781 1017 βῆξαι
807 970 968 1017 μεζόνως
992 968 1015 1017 ἢ
1042 968 1092 1013 ὥς
1117 969 1241 1007 ἐώθεε.

247 1030 325 1066 139.
350 1031 482 1075 κλίνην
509 1027 737 1076 στρώσαντες
763 1027 813 1072 ὥς
837 1027 938 1076 εἶχον
963 1028 1147 1065 κάλλιστα.

244 1097 325 1143 VII,
345 1098 402 1134 47.
440 1095 524 1141 ὄψις
559 1095 626 1143 μὲν
662 1093 685 1143 ἡ
724 1096 941 1144 ἐπιφανεῖσα
976 1098 1044 1133 τοῦ
1079 1097 1245 1144 ὀνείρου,
1286 1095 1336 1141 ὡς
1370 1096 1584 1145 βουλόμεθα

143 1153 360 1203 άμφότεροι,
386 1155 619 1202 τελευτήσειε.

242 1225 298 1261 60.
319 1223 379 1260 καὶ
402 1222 650 1268 συννάξαντες
664 1222 802 1271 ταύτην
824 1223 872 1268 ὡς
892 1223 1048 1271 μάλιστα
1065 1222 1164 1272 εἶχον
1181 1225 1429 1273 περιέγραψαν
1446 1226 1586 1270 ἔξωθεν

145 1282 292 1319 κύκλον.
1494 1293 1497 1296 “

245 1343 302 1377 88.
327 1340 394 1377 τὸν
421 1340 462 1376 δὲ
488 1342 601 1377 ἵππον
628 1339 757 1376 αὐτίκα
782 1339 861 1376 κατ’
890 1340 1004 1388 ἀρχὰς
1029 1343 1205 1388 ἐποίησαν
1231 1340 1280 1384 ὥς
1306 1342 1456 1379 ἐκέλευε.

248 1409 347 1456 VIII,
368 1410 414 1445 68
423 1423 455 1445 a.
481 1406 693 1456 ἀπήλλαξαν
720 1407 817 1446 οὕτω
844 1407 895 1452 ὥς
919 1411 1064 1453 κείνους
1090 1412 1229 1457 ἔπρεπε.

246 1478 308 1524 ΙΧ,
331 1479 385 1513 70.
418 1476 622 1524 ἀναβάντες
648 1477 688 1514 δὲ
715 1477 921 1526 ἐφράξαντο
951 1476 1000 1522 ὥς
1031 1477 1211 1526 ἠδυνέατο
1237 1477 1367 1526 ἄριστα
1393 1478 1434 1516 τὸ
1460 1486 1586 1526 τεῖχος.

249 1546 542 1583 constructiones
579 1544 628 1590 ὡς
663 1548 789 1584 ποδῶν
826 1545 926 1595 εἶχον
958 1547 1035 1596 (IX,
1052 1546 1116 1596 59)
1147 1550 1183 1584 et
1218 1546 1267 1591 ὡς
1303 1546 1402 1595 εἶχον
1437 1547 1586 1596 τάχιστα

124 1623 126 1625 >
148 1606 226 1651 (cfr.
241 1606 286 1651 V,
304 1608 360 1652 12,
385 1607 441 1642 vel
457 1606 519 1652 VI,
538 1607 623 1651 139)
655 1607 692 1642 in
729 1620 839 1642 unum
869 1607 1037 1643 confusae
1072 1610 1156 1643 sunt
1185 1608 1221 1643 in
1253 1605 1303 1650 ὡς
1335 1608 1461 1644 ποδῶν
1486 1605 1587 1654 εἶχον

148 1663 298 1711 τάχιστα
320 1665 382 1712 VI,
406 1665 485 1701 116.

245 1733 466 1781 c)-Verbum
493 1734 691 1769 sententiae
712 1734 897 1780 relativae,
923 1746 1003 1769 cum
1025 1746 1068 1769 ex
1089 1734 1267 1770 sententia
1288 1735 1460 1780 primaria
1479 1729 1584 1770 sicile

149 1793 310 1839 intellegi
331 1793 456 1838 possit,
478 1804 549 1827 non
571 1792 791 1838 exprimitur.
817 1791 921 1831 Locis
942 1792 1010 1827 huc
1032 1792 1224 1828 referendis
1246 1796 1302 1828 est
1322 1804 1407 1828 sane
1431 1793 1586 1828 brevitas

149 1852 303 1895 dicendi,
339 1851 400 1887 sed
431 1851 530 1887 nulla
561 1851 713 1897 ellipsis;
750 1863 833 1887 nam
864 1851 1162 1898 breviloquentia,
1198 1854 1238 1887 ut
1270 1850 1453 1887 Hermann
1484 1851 1588 1887 docet

149 1909 286 1957 (opusc.
302 1910 329 1956 Ι,
344 1923 379 1956 p.
397 1908 494 1957 152),
520 1922 562 1946 eo
584 1911 629 1946 ab
652 1911 772 1956 ellipsi
801 1910 928 1956 differt,
953 1910 1046 1956 quod
1072 1911 1107 1945 in
1134 1911 1418 1957 breviloquentia
1443 1922 1462 1946 e
1487 1922 1587 1957 prae-

150 1969 356 2004 cedentibus
379 1969 434 2004 vel
456 1969 686 2016 sequentibus
714 1969 832 2004 verbis
859 1968 993 2016 aliquid
1014 1969 1289 2016 intellegendum
1312 1971 1376 2015 est,
1407 1970 1443 2004 in
1469 1969 1586 2015 ellipsi

150 2030 270 2064 autem
296 2028 341 2072 id,
367 2027 462 2074 quod
487 2028 649 2075 intellegi
676 2028 792 2074 debet,
817 2039 996 2074 nusquam
1023 2029 1161 2064 dicitur.

249 2096 276 2142 I,
297 2097 330 2131 2.
362 2093 458 2131 οὕτω
493 2094 561 2141 μὲν
591 2094 690 2132 Ἰοῦν
727 2096 762 2139 ἐς
795 2100 986 2142 Αἴγυπτον
1022 2094 1217 2132 ἀπικέσθαι
1254 2096 1401 2142 λέγουσι
1433 2097 1586 2143 Πέρσαι,

152 2153 219 2190 οὐκ
246 2152 296 2196 ὡς
311 2152 495 2200 ’Έλληνες

253 2214 332 2249 178.
358 2210 575 2260 ἐκεκόσμητο
603 2212 645 2249 δὲ
669 2211 718 2256 ὡς
744 2211 857 2250 οὐδὲν
883 2211 974 2250 ἄλλο
1000 2211 1160 2260 πόλισμα
1184 2214 1259 2250 τῶν
1285 2210 1389 2261 ἡμεῖς
1414 2214 1530 2261 ἴδμεν.

256 2272 332 2307 191.
358 2273 491 2317 ἔλαβον
518 2269 564 2307 α”ν
591 2282 705 2318 σφεας
731 2270 779 2315 ὡς
805 2273 846 2308 ἐν
872 2271 996 2320 κύρτῃ.

184 2344 187 2347 ’
250 2340 391 2386 ΙΙΙ,’23.
418 2337 515 2383 ὄζειν
542 2339 583 2376 δὲ
608 2338 670 2376 ἀπ’
700 2338 812 2387 αὐτῆς
837 2339 886 2382 ὡς
911 2342 946 2376 εἰ
971 2344 1049 2376 ἴων.
1090 2341 1268 2376 Particula
1294 2342 1328 2376 εἰ
1352 2354 1394 2377 ex
1420 2341 1587 2387 loquendi
1644 2353 1651 2380 Τ

153 2399 406 2435 consuetudine
433 2398 606 2437 Herodoti
632 2401 669 2434 et
694 2399 851 2435 omnium
878 2399 1091 2445 scriptorum
1113 2398 1329 2435 Graecorum
1354 2401 1494 2445 praeter
1514 2399 1587 2435 Ho-

253 2535 281 2572 1)
304 2534 349 2563 De
374 2534 525 2565 infinitivo
552 2533 622 2565 vide
643 2534 798 2574 Cavassin,
823 2535 843 2565 l.
866 2535 886 2565 l.
907 2544 937 2573 p.
953 2536 991 2564 85
1013 2535 1043 2564 et
1064 2543 1166 2573 seqq„
1196 2535 1249 2565 ubi
1282 2535 1337 2565 ‘de
1367 2534 1527 2566 infinitivis
1553 2535 1585 2565 in

154 2583 420 2613 enuntiationibus
442 2583 590 2613 orationis
613 2583 758 2621 obliquae
780 2583 982 2614 secundariis’
1006 2583 1127 2622 copiose
1148 2584 1331 2622 disputatur.

1448 2630 1472 2649 x
