1771 2981
754 188 996 224 -46-

153 274 382 310 secundariae
398 274 523 322 inest¹)
534 274 825 323 (‘beabsichtigte
836 277 968 324 Folge’.
981 277 1124 314 Curtius
1136 278 1392 324 Schulgramm.
1404 280 1426 323 ξ
1436 278 1509 315 553
1516 279 1550 315 b.
1556 279 1591 314 b.

153 333 175 367 2
188 331 258 380 a)).
305 332 451 380 V11,24
485 331 659 379 ὀρύσσειν
684 333 826 370 ἐκέλευε
852 334 1014 383 διώρυχα
1038 336 1082 383 τῇ
1108 333 1279 385 θαλάσσῃ
1304 330 1412 383 εὖρος
1435 334 1487 379 ὥς
1520 334 1589 373 δύο

151 389 321 441 τριήρεας
346 392 470 430 πλέειν
497 390 591 440 ὁμοῦ
617 393 912 441 ἐλαστρεομένας.

251 452 402 499 Propter
423 453 621 488 orationem
647 453 839 499 obliquam,
866 456 904 489 ut
929 454 1104 499 particula
1128 456 1297 502 negativa
1323 452 1390 491 οὐκ
1416 456 1510 492 clare
1537 456 1588 491 in-

153 511 264 559 dicat,
295 512 490 548 infinitivus
516 512 653 558 positus
686 513 741 547 est
766 511 829 559 IV,
847 512 917 549 184
942 509 1089 560 ὑψηλὸν
1121 512 1162 551 δὲ
1193 513 1289 552 οὕτω
1316 512 1362 597 δή
1388 528 1423 551 τι
1449 495 1588 562 λέγεται

152 568 203 612 ὡς
227 569 291 613 τὰς
315 568 480 617 κορυφὰς
501 567 615 605 αὐτοῦ
643 567 710 606 οὐκ
737 566 796 606 οἶά
818 584 855 606 τε
881 569 976 606 εἶναι
1003 572 1162 608 ἰδέσθαι.

251 629 330 666 Uno
357 630 447 665 loco
463 641 531 676 quo
558 625 617 675 ὥς,
643 631 683 664 ut
709 629 849 676 saepius
875 626 982 677 ὥστε,
1013 631 1130 678 specie
1161 643 1182 667 a
1216 632 1393 669 sententia
1418 632 1589 680 primaria

151 701 223 725 non
248 689 413 735 pendens
430 688 466 736 (‚,
469 679 671 724 ᾸιιΐεθτΙίοΙι
698 700 789 735 ganz
815 689 1046 736 unabhangig
1072 702 1152 726 vom
1175 690 1423 737 Hauptsatze“‚
1444 691 1588 728 Curtius

152 747 261 813 §0553
279 748 310 781 b.
327 760 358 781 a.
375 745 414 794 2)
436 745 592 793 ‘itaque'‚
619 746 755 782 daher'
784 748 888 793 valet,
914 747 1146 794 imperativus
1172 749 1368 785 invenitur.

249 805 419 853 V11,172
450 805 603 852 πέμπειν
630 803 671 841 δὲ
697 804 765 853 χρὴ
791 805 852 842 καὶ
878 803 990 853 ὑμέας
1016 805 1190 854 στρατιὴν
1215 806 1366 854 πολλήν,
1392 804 1454 854 ὥς,
1480 809 1514 844 εἰ
1535 806 1585 856 μὴ

66 865 68 867 ’
127 864 318 911 ,πέμψετε,
345 865 542 900 ἐπίστασθε
568 862 681 911 ἡμέας
708 861 950 911 ὁμολογήσειν
975 878 1024 913 τω
1053 865 1188 913 Πέρσῃ.

249 923 435 959 Immerito
462 924 565 959 affert
590 923 740 960 Rudloff
759 923 795 971 (l.
817 925 838 960 l.
859 936 938 971 pag.
963 924 1023 972 15)
1049 924 1133 970 11,7
1155 926 1306 962 καταδεῖ
1329 927 1586 963 πεντεκαίδεκα

152 983 313 1018 σταδίων
345 979 394 1025 ὡς
420 980 468 1028 μὴ
497 979 591 1018 εἶναι
618 985 870 1019 πεντακοσίων
894 983 955 1019 καὶ
981 985 1125 1031 χιλίων;
1159 997 1243 1020 nam
1269 980 1319 1028 ὡς
1343 985 1380 1020 in
1406 985 1587 1022 codicibus

151 1042 316 1087 plurimis
344 1044 450 1088 atque
476 1041 621 1087 optimis
649 1042 756 1077 deest.
797 1074 801 1078 ,

248 1100 292 1135 In
317 1099 365 1146 II,
382 1101 450 1136 111
478 1101 546 1136 τοῦ
571 1101 738 1147 ποταμοῦ
762 1100 1009 1143 κατελθόντος
1037 1100 1187 1147 μέγιστα
1214 1099 1260 1148 δὴ
1285 1100 1367 1138 τότε
1393 1098 1448 1138 ἐπ’
1477 1098 1587 1138 ὀκτω-

148 1160 298 1194 καίδεκα
329 1157 481 1206 πήχεας,
514 1156 563 1201 ὡς
599 1156 798 1205 ὑπερέβαλε
828 1156 892 1202 τὰς
922 1157 1100 1206 ἀρούρας,
1130 1158 1336 1206 πνεύματος
1367 1157 1588 1206 ἐμπεσόντος

148 1219 325 1264 κυματίης
351 1214 370 1253 ὁ
397 1215 560 1264 ποταμὸς
586 1216 741 1263 ἐγένετο,
767 1221 803 1253 et
827 1217 889 1264 IV,
908 1218 977 1253 124
1003 1215 1289 1264 ἀφανισθέντων
1316 1216 1357 1255 δὲ
1376 1216 1519 1255 τούτων
1544 1216 1586 1255 τὸ

148 1274 335 1324 παράπαν,
362 1274 411 1319 ὡς
431 1274 554 1313 οὐκέτι
576 1265 824 1323 ’ἐφαντάζοντό
848 1286 924 1323 σφι,
951 1274 1047 1314 οὕτω
1074 1275 1120 1324 δὴ
1144 1276 1163 1314 ὁ
1188 1282 1360 1325 Δαρεῖος,
1391 1279 1519 1325 quibus
1545 1279 1587 1315 de

150 1336 239 1371 locis
260 1335 409 1371 Rudloff
430 1334 468 1383 (l.
490 1337 511 1371 l.
533 1348 615 1383 pag.
637 1335 699 1383 23)
725 1336 811 1371 dicit
836 1336 990 1376 dubitari
1017 1349 1138 1382 posse,
1164 1336 1254 1372 mihi
1281 1337 1459 1383 particula
1479 1338 1588 1383 signi-

113 1435 115 1437 ,
147 1395 349 1437 ficationem
376 1395 607 1442 temporalem
634 1395 755 1441 potius
782 1407 889 1442 quam
915 1395 1181 1431 consecutivam
1206 1395 1338 1431 habere
1364 1395 1512 1432 videtur.

1354 1556 1365 1581 1

738 1671 871 1721 Caput
894 1671 998 1709 XIII.

677 1757 735 1792 ὼε
767 1755 1055 1801 Temporale.

246 1835 296 1870 Ut
322 1835 404 1870 aliis
430 1835 467 1869 in
495 1833 665 1881 linguis2)
687 1835 739 1870 ita
766 1836 802 1870 in
831 1835 964 1869 Graeca
988 1835 1163 1880 particula
1188 1846 1258 1881 qua
1283 1835 1408 1870 modus
1433 1835 1582 1871 duarum

148 1895 327 1929 actionum
349 1896 587 1940 comparatur,
608 1893 732 1929 eadem
754 1906 834 1928 cum
851 1894 959 1929 verbo
980 1905 1054 1928 rem
1076 1894 1145 1928 iam
1162 1893 1294 1929 factam
1315 1888 1377 1929 aut
1397 1893 1580 1930 durantem

147 1966 227 1988 cum
258 1954 300 1988 fit
325 1953 418 1989 actio
444 1953 544 1988 verbi
572 1952 772 1988 sententiae
803 1946 993 1998 primariae
1018 1952 1237 1998 exprimente
1269 1952 1510 1999 coniungitur:
1541 1956 1582 1989 ut

147 2013 227 2047 aliis
253 2013 369 2047 verbis
396 2014 492 2056 utar,
524 2012 739 2058 significatio
766 2011 960 2057 particulae
992 2024 1034 2046 ex
1060 2011 1143 2058 ‘quo
1169 2010 1288 2047 modo'
1315 2011 1352 2046 in
1379 2010 1463 2058 ‘quo
1491 2015 1579 2047 tem-

146 2070 245 2117 pore’
270 2072 412 2107 transit.

208 2172 211 2175 Ι
245 2129 450 2166 Sententiae
477 2131 515 2165 in
540 2130 667 2176 quibus
688 2129 866 2175 particula
885 2128 976 2164 hanc
1001 2129 1072 2164 vim
1094 2129 1214 2175 habet,
1239 2140 1317 2164 cum
1340 2131 1479 2176 tempus
1501 2142 1579 2166 sen-

146 2189 280 2223 tentiae
307 2182 498 2234 primariae
525 2188 706 2231 definiant,
731 2187 947 2233 temporales
972 2187 1145 2222 dicuntur.

245 2248 359 2283 Actio
381 2247 479 2283 verbi
511 2247 708 2282 sententiae
741 2246 931 2292 primariae
961 2248 1077 2281 utrum
1110 2237 1174 2281 fiat
1205 2246 1345 2281 actione
1376 2246 1476 2282 verbi
1501 2258 1580 2282 sen·

146 2305 278 2340 tentiae
304 2306 514 2351 temporalis
541 2306 699 2351 perfecta
725 2317 772 2340 an
798 2305 963 2351 durante,
994 2317 1035 2339 ex
1066 2306 1225 2350 te‘mpore
1256 2305 1354 2340 verbi
1381 2305 1579 2340 sententiae

145 2364 353 2409 temporalis
380 2365 618 2411 colligendum
646 2366 708 2400 est.
760 2362 857 2405 Quae
879 2374 961 2398 vero
987 2364 1079 2398 inter
1105 2363 1318 2398 sententiam
1345 2363 1578 2409 temporalem

146 2425 182 2458 et
207 2423 414 2469 primariam
440 2423 638 2460 intercedat
661 2423 771 2470 ratio,
797 2434 877 2458 cum
903 2422 1067 2458 omnibus
1092 2434 1203 2469 paene
1229 2422 1317 2459 locis
1339 2434 1380 2458 ex
1406 2423 1577 2469 temporis

244 2532 273 2567 1)
295 2531 414 2568 Semne,
424 2531 442 2560 l.
450 2531 469 2560 l.
476 2540 505 2568 p.
513 2533 565 2559 59:
578 2529 780 2560 ‘Indicativus
789 2529 863 2567 post
871 2525 946 2558 ὥστε
959 2537 1125 2567 numquam
1134 2527 1294 2559 consilium
1305 2527 1440 2559 indicare
1448 2530 1574 2567 potest.’

243 2580 273 2616 2)
295 2578 441 2608 Conferas
461 2579 516 2609 lat.
537 2583 581 2616 ut,
602 2579 687 2617 goth.
708 2588 765 2616 sve,
786 2586 882 2616 germ.
905 2578 951 2607 als
970 2578 1002 2607 et
1021 2578 1084 2615 wie,
1106 2578 1188 2616 angl.
1210 2586 1253 2608 ae.
