1771 2981
728 217 979 277 :⁷1⁷-

137 311 262 345 rantur
291 318 366 344 non
394 307 500 353 verti,
531 307 626 344 clare
656 308 903 344 demonstrant
932 309 1024 345 tales
1055 309 1122 345 loci
1154 309 1276 356 quales
1307 311 1391 345 sunt
1420 306 1483 356 IV,
1505 306 1575 344 103

109 398 116 401 .
140 360 179 404 οἰ
201 365 268 414 μὲν
294 364 341 412 δὴ
367 365 514 413 λέγουσι
540 363 589 409 ὥς
612 363 654 402 τὸ
681 367 795 413 σῶμα
810 364 882 404 ἀπὸ
907 369 975 406 τοῦ
988 369 1161 415 κρημνοῦ
1188 365 1350 404 ὠθέουσι
1370 366 1480 413 κάτω,
1505 365 1575 413 τὴν

140 424 181 462 δὲ
205 422 371 471 κεφαλὴν
395 422 684 472 ἀνασταυροῦσι·
710 426 749 461 oc
772 424 814 462 ’δὲ
838 425 927 462 κατὰ
952 425 1023 474 μὲν
1045 425 1114 473 τὴν
1134 425 1298 473 κεφαλὴν
1320 424 1575 483 ὁμολογέουσι,

138 482 179 520 τὸ
211 483 351 531 μέντοι
367 486 472 530 σῶμα
504 481 572 519 οὐκ
602 480 789 531 ὠθέεσθαι
818 482 890 522 ἀπὸ
919 486 986 522 τοῦ
1017 485 1185 533 κρημνοῦ
1221 485 1368 531 λέγουσι
1404 482 1517 521 ἀλλὰ
1529 498 1576 532 γῃ

93 588 102 598 ς
137 531 374 590 κρύπτεσθαι.
425 542 505 588 VH,
533 544 602 579 102
633 545 783 591 ἔρχομαι
814 542 856 580 δὲ
885 544 998 589 λέξων
1031 573 1136 581 .....
1167 543 1292 592 πρῶτα
1322 543 1390 591 μὲν
1420 558 1477 581 οτι
1508 542 1577 580 οὐκ

140 605 215 639 ἔστι
236 601 331 645 ’ὅπως
346 600 428 638 κοτὲ
449 601 539 644 σοὺς
559 602 724 646 δέξονται
745 601 880 649 λόγους
900 603 1133 650 δουλοσύνην
1154 602 1336 650 φέροντας
1355 604 1398 651 τῇ
1414 601 1577 647 ‘EM-«idn,

140 655 242 703 αὖτις
268 659 309 696 δὲ
335 658 384 702 ὡς
408 657 653 711 ἀντιώσονταί
675 675 732 697 τοι
758 662 795 704 ἐς
819 661 939 710 μάχην
959 662 1020 699 καὶ
1041 659 1088 709 ἢν
1110 663 1148 698 οἱ
1166 660 1272 698 ἄλλοι
1288 660 1465 708 ’Έλληνες
1485 661 1576 697 πάν-

140 717 198 762 τες
222 718 266 755 τὰ
293 717 339 754 σά
365 719 559 765 φρονέωσι.
609 720 675 758 His
701 722 789 757 locis
816 722 1014 769 elegantiae
1044 721 1218 769 orationis
1249 721 1427 757 rationem
1445 721 1577 756 haberi

141 779 176 813 in
200 778 463 826 constructione
489 779 676 826 deligenda
696 782 857 826 apertum
882 783 944 816 est.
985 780 1110 815 Multis
1137 781 1255 814 autem
1281 780 1371 815 locis
1398 791 1504 825 quam
1531 779 1577 814 ob

140 849 216 873 rem
241 837 461 872 constructio
487 839 658 883 usurpata
683 838 819 873 delecta
845 839 901 883 sit,
926 838 1080 884 perspici
1100 850 1172 873 non
1196 840 1326 883 potest.
1377 837 1476 880 Quae
1497 849 1576 872 cum

141 895 194 931 ita
218 895 305 941 sint,
333 895 456 931 nescio
483 907 529 931 an
553 907 627 931 non
651 896 766 942 possit
792 891 960 943 cognosci
987 896 1160 932 eiusmodi
1185 897 1280 954 inter
1305 896 1372 932 has
1399 898 1578 932 construc-

141 954 257 989 tiones
283 953 475 990 discrimen
500 954 594 1000 quod
618 955 654 989 in
680 966 802 990 omnes
829 955 1017 990 conveniat
1042 955 1150 998 locos.

240 1011 387 1060 Semper
415 1012 488 1048 fere
518 1009 568 1055 ὥς
597 1012 750 1060 primuni
782 1014 979 1053 sententiae
1009 1013 1197 1060 pendentis
1228 1014 1344 1050 locum
1375 1014 1489 1059 tenet,
1523 1013 1579 1049 bis

143 1074 275 1117 tamen,
299 1071 345 1117 II,
368 1072 436 1107 146
463 1074 499 1106 et
522 1071 586 1117 III,
614 1071 669 1118 75,
695 1072 870 1107 obiectum
898 1072 995 1107 verbi
1020 1072 1207 1118 pendentis
1234 1074 1317 1107 ante
1343 1069 1394 1114 ὥς
1423 1072 1578 1118 positum

143 1132 206 1165 est.
257 1129 367 1165 Verbi
396 1130 582 1175 pendentis
613 1130 792 1166 obiectum
822 1131 976 1177 regentis
1015 1131 1192 1166 obiectum
1229 1134 1284 1166 est
1316 1132 1451 1166 factum
1476 1130 1510 1177 I,
1531 1131 1579 1166 34

142 1187 222 1233 (μιν
241 1187 286 1223 in
312 1188 555 1224 enuntiatione
581 1189 789 1225 secundaria
813 1187 983 1235 repetito)
1008 1191 1044 1224 et
1069 1188 1148 1234 VII,
1166 1190 1213 1224 10
1224 1188 1267 1236 ε).

241 1246 321 1292 VII,
337 1247 360 1282 6
396 1248 494 1292 ἔλεγε
524 1245 594 1285 ,τόν
624 1254 662 1282 τε
688 1244 957 1293 Ἑλλήσποντον
989 1245 1039 1289 ὡς
1070 1248 1269 1293 ζευχθῆναι
1294 1245 1404 1294 χρεὸν
1430 1250 1486 1294 εἴη
1512 1245 1575 1283 ὑπ’

143 1302 282 1351 ἀνδρὸς
307 1305 471 1352 Πέρσεω,
495 1306 691 1342 subiectum
716 1306 882 1342 infinitivi
913 1307 1111 1352 ζευχθῆναι
1136 1307 1219 1342 ante
1244 1302 1294 1348 ὡς
1321 1306 1481 1352 positum
1508 1309 1578 1352 θεὲ,

146 1364 206 1400 cfr.
227 1364 256 1409 I,
274 1364 335 1410 86;
357 1364 438 1410 VII,
454 1364 511 1400 51.
563 1364 766 1400 Sententiae
801 1365 1032 1400 secundariae·
1064 1365 1263 1400 subiectum
1298 1365 1336 1400 in
1370 1366 1578 1411 primariam

145 1422 360 1458 sententiam
385 1424 539 1458 tractum
559 1423 656 1459 verbi
683 1423 838 1471 regentis
865 1423 1040 1458 obiectum
1067 1425 1121 1458 est
1141 1422 1276 1459 factum
1297 1423 1385 1459 locis
1406 1423 1481 1458 his:
1502 1423 1530 1469 I,
1545 1424 1579 1468 9,

148 1481 232 1527 163,
261 1480 327 1527 ΙΙΙ,
346 1482 403 1528 40,
425 1481 482 1525 61,
503 1482 564 1529 68,
594 1481 656 1528 IV,
668 1478 754 1528 201,
779 1481 823 1526 V,
844 1482 905 1527 86,
941 1481 1002 1527 VI,
1021 1482 1081 1527 29,
1100 1482 1164 1527 41,
1199 1481 1280 1528 VII,
1299 1482 1389 1528 208,
1424 1481 1568 1525 VIII,8

147 1539 307 1585 88,112.

244 1597 333 1634 Cum
365 1599 505 1634 obiecto
536 1599 629 1645 quod
655 1600 689 1635 in
716 1599 915 1635 accusativo
941 1600 1009 1645 est,
1040 1599 1220 1634 sententia
1250 1612 1357 1646 quam
1389 1597 1438 1641 ὡς
1468 1601 1578 1635 intro-

147 1657 244 1692 ducit
279 1658 465 1703 copulatur
495 1670 558 1703 per
592 1670 630 1693 τε
656 1678 701 1684 -
727 1656 787 1693 καὶ
817 1656 845 1701 Ι,
867 1657 930 1703 45,
959 1657 1004 1704 Π,
1025 1658 1062 1704 2,
1097 1669 1161 1704 per
1189 1656 1251 1693 καὶ
1279 1657 1309 1724 Ι,
1329 1659 1393 1704 90,
1430 1658 1476 1704 II,
1496 1660 1579 1705 102,
1632 1687 1635 1689 -

147 1714 212 1762 ΙΙΙ,
235 1716 313 1752 140.

244 1774 299 1810 Ex
325 1776 412 1812 locis
439 1776 500 1811 ubi
526 1776 615 1811 duae
636 1776 693 1811 vel
713 1776 833 1822 plures
854 1776 1049 1811 sententiae
1070 1775 1114 1810 ab
1136 1775 1261 1811 eodem
1281 1776 1390 1812 verbo
1414 1777 1580 1823 pendent,

148 1834 313 1868 nonnulli
334 1837 417 1869 sunt
438 1834 564 1880 quibus
589 1846 668 1869 cum
689 1834 830 1879 virtute,
855 1836 895 1869 ut
914 1824 1062 1878 videtur,
1087 1834 1264 1880 particula
1284 1835 1502 1881 iteratum-I,
1519 1836 1581 1882 86,

148 1890 194 1935 ΙΙ,
217 1891 390 1938 116,·ΙΙΙ,
411 1893 468 1938 37,
490 1893 550 1938 61,
576 1892 638 1938 VI,
659 1892 698 1939 9,
724 1892 804 1939 VII,
825 1894 847 1928 2
873 1891 983 1939 (prior
1015 1892 1193 1928 sententia
1226 1890 1276 1935 ὡς
1305 1894 1431 1937 habet,
1460 1895 1581 1929 altera

150 1947 236 1998 ὅτι),
274 1952 344 1986 102
380 1950 432 1998 (in
467 1952 585 1997 priore
622 1951 799 1987 sententia
839 1954 893 1987 est
929 1947 999 1996 ὅτι,
1038 1951 1073 1986 in
1111 1952 1225 1986 altera
1260 1949 1339 2000 ὡς),
1380 1953 1460 1999 197,
1494 1954 1580 1999 208,

149 2008 248 2056 VIII,
271 2011 355 2057 112,
380 2009 442 2057 ΙΧ,
466 2011 510 2046 12
537 2009 649 2057 (prior
675 2010 853 2047 sententia
878 2008 933 2046 ὅτι
958 2010 1075 2056 habet,
1101 2011 1213 2046 altera
1237 2007 1314 2058 ὡς),
1340 2012 1398 2058 38,
1418 2012 1476 2047 90.

247 2068 331 2104 Νοιι
357 2082 437 2105 raro
463 2081 543 2105 cum
565 2069 653 2105 duae
674 2071 731 2105 vel
751 2071 870 2116 plures
892 2070 1085 2105 sententiae
1105 2069 1150 2104 ad
1169 2069 1264 2104 idem
1285 2071 1432 2106 verbum
1453 2083 1582 2118 regens

67 2125 85 2128 ”
117 2127 345 2174 ’”Ρθι·ί;ιίιοιι1;,
380 2127 553 2174 principio
585 2124 635 2169 ὥς
670 2140 749 2171 cum
786 2129 894 2164 verbo
926 2128 1028 2163 finito
1058 2129 1264 2173 usurpatur,
1300 2128 1426 2164 deinde
1462 2132 1582 2165 autem

151 2185 321 2221 transitus
351 2186 395 2221 ad
421 2186 661 2222 accusativum
692 2198 772 2222 cum
802 2186 977 2222 infinitivo
1003 2186 1052 2221 fit.
1102 2186 1169 2221 Hic
1199 2187 1371 2223 transitus
1402 2188 1584 2224 invenitur

151 2255 182 2279 a.
207 2244 269 2279 ubi
292 2245 440 2280 verbum
464 2244 520 2280 vel
541 2245 648 2280 verba
668 2244 770 2280 finita
789 2245 826 2280 in
848 2245 1040 2281 indicativo
1068 2247 1150 2279 sunt
1178 2243 1214 2291 1)
1240 2248 1324 2292 post
1343 2249 1485 2297 tempus
1510 2248 1583 2293 pri-

151 2304 303 2339 marium
328 2303 357 2350 I,
377 2303 411 2350 5,
433 2305 494 2351 70,
518 2303 564 2350 ΙΙ,
583 2304 640 2350 45,
663 2304 743 2351 123,
764 2305 845 2352 131,
867 2305 950 2351 175,
976 2303 1040 2350 ΙΙΙ,
1061 2305 1098 2350 3,
1124 2302 1185 2349 VI,
1206 2303 1377 2356 683>V11‚
1401 2306 1480 2352 162,
1504 2306 1585 2353 165,

154 2362 235 2409 167,
254 2364 340 2410 220,
367 2362 464 2410 VIII,
485 2364 541 2409 84,
565 2363 650 2409 118,
685 2363 725 2409 2)
760 2364 841 2410 post
875 2365 1012 2409 tempus
1046 2361 1293 2398 secundarium
1318 2363 1346 2409 Ι,
1367 2365 1404 2411 2,
1430 2364 1476 2411 ΙΙ,
1500 2366 1583 2409 162,

151 2420 214 2468 IV,
237 2422 321 2468 137,
351 2421 433 2465 VII,
461 2423 540 2468 148,
560 2423 648 2470 226,
677 2422 776 2468 VIII,
804 2422 860 2468 38,
883 2422 968 2467 108,
997 2420 1058 2465 ΙΧ,
1079 2421 1135 2455 90.
1185 2421 1219 2457 b.
1252 2422 1315 2457 ubi
1347 2424 1494 2459 verbum
1527 2424 1582 2459 vel

92 2481 95 2484 ’
153 2480 262 2516 verba
280 2480 385 2517 finita
405 2480 441 2516 in
463 2481 624 2527 optativo
645 2482 739 2517 sunt.
778 2480 825 2528 II,
848 2480 931 2526 139,
957 2478 1021 2524 ΙΙΙ,
1042 2479 1099 2526 34,
1116 2480 1173 2527 75,
1188 2481 1249 2526 87,
1275 2480 1337 2527 IV,
1355 2482 1440 2529 145,
1461 2482 1505 2529 V,
1522 2483 1584 2530 84,

153 2537 234 2584 VII,
249 2540 336 2586 203,
356 2539 456 2585 VIII,
471 2540 528 2586 61,
546 2541 630 2586 111,
650 2540 711 2586 ΙΧ,
725 2541 784 2586 41,
800 2540 856 2576 82.
896 2539 1021 2585 Locos,
1040 2539 1195 2584 exceptis
1211 2538 1292 2586 VII,
1310 2541 1379 2576 148
1395 2545 1432 2576 et
1449 2541 1511 2586 IX,
1525 2543 1585 2586 41,

155 2607 277 2632 omnes
303 2597 460 2633 invenias
487 2599 580 2644 apud
606 2597 768 2634 Cavallin
788 2611 821 2645 p.
842 2598 899 2634 28.
942 2598 1124 2633 Immerito
1151 2598 1254 2633 affert
1274 2597 1436 2634 Cavallin
1460 2599 1520 2646 VI,
1536 2601 1582 2635 69

1331 2659 1348 2685 2
