1771 2981
702 197 936 236 *33-

104 298 241 321 merum
267 285 487 332 redundat1).
537 286 610 323 cfr
634 284 684 329 ὥς
709 287 750 323 ἐν
774 287 888 336 κύρτῃ
913 288 942 335 Ῑ,
959 289 1049 324 191.
1064 286 1112 331 ὡς
1136 286 1207 324 ἀπὸ
1239 287 1376 336 τόρνου
1400 287 1462 335 IV,
1478 290 1536 335 36,

104 344 247 379 similia.

200 401 266 449 III,
280 403 338 439 43.
359 403 421 438 ἵνα
436 400 485 449 μὴ
503 431 630 440 ......
646 402 817 450 ἀλγήσειε
835 401 903 451 τὴν
923 403 1046 451 ψυχὴν
1065 402 1116 448 ’ὥς
1135 385 1218 452 περὶ
1240 406 1362 449 ξείνου
1382 404 1530 452 ἀνδρός.

203 460 283 510 156.
309 460 615 507 ἐπιστρεφόμενος
641 459 690 505 ὡς
715 460 761 509 δὴ
788 460 955 509 ἀληθέως
979 461 1191 510 αὐτόμολος.

201 507 264 564 IV,
285 520 342 555 36.
358 518 469 565 πέριξ
494 518 561 567 τὴν
587 521 658 567 γῆν
685 521 820 558 ἐοῦσαν
844 522 1062 569 κυκλοτερέα
1087 519 1137 565 ὥς
1161 519 1232 559 ἀπὸ
1258 522 1405 570 τόρνου.

201 578 246 624 V,
266 579 352 625 927».
398 579 440 614 αἱ
471 578 538 626 μὲν
576 577 622 626 δὴ
658 577 707 623 ὡς
742 580 778 623 ἐς
812 578 925 628 ὁρτὴν
960 579 1070 626 ἤισαν
1107 580 1231 631 κόσμῳ
1267 583 1337 631 τῷ
1353 584 1534 646 καλλίστῳ

104 649 315 684 χρεωμεναι.

203 694 253 738 ὡς
278 697 372 743 quod
398 698 535 734 codices
557 698 584 733 P
600 698 632 733 R.
658 701 694 734 et
719 698 830 734 editio
852 699 984 735 Aldina
1008 700 1047 735 in
1073 696 1208 745 ὁμοίως
1234 697 1283 742 ὡς
1306 699 1368 735 καὶ
1389 700 1470 746 VII,
1490 701 1534 735 15

107 757 143 789 et
161 755 231 790 100
246 756 429 801 praebent,
450 757 524 792 sine
546 757 653 792 dubio
674 768 717 791 ex
736 757 989 793 terminatione
1009 758 1106 793 vocis
1122 749 1365 804 praecedentis
1381 758 1535 804 repetita

104 815 227 849 natum
252 817 313 850 est.
354 813 425 852 cfr.
441 814 519 862 VII,
539 815 618 852 115.
1270 864 1274 866 -

201 872 281 916 VII,
304 874 387 918 167.
412 872 565 919 φανήτω
591 873 662 919 γὰρ
689 872 736 920 δὴ
759 873 824 910 καὶ
847 874 939 920 ε’μοί,
966 872 1016 916 ὥς
1039 874 1100 910 καὶ
1126 877 1195 911 σοί.
1268 868 1272 871 ⁴

202 932 250 966 94
276 933 312 967 et
336 931 384 967 95
410 930 498 980 (bis)
525 931 784 979 ἐσκευασμένοι
810 930 859 975 ὡς
874 930 1057 979 Ἕλληνες.
1230 940 1233 942 “

203 990 260 1025 95.
285 987 505 1036 ὡπλισμένοι
533 987 582 1032 ὥς
597 987 781 1037 Ἕλληνες.

204 1049 283 1084 100.
309 1048 562 1092 ἐξοπλίσαντες
586 1046 671 1092 τοὺς
696 1048 867 1096 ἐπιβάτας
892 1047 941 1092 ὡς
966 1049 1002 1092 ἐς
1026 1049 1194 1097 πόλεμον.

203 1108 284 1143 189.
309 1106 370 1144 καὶ
397 1108 614 1154 διαφθεῖραι
639 1109 715 1145 τῶν
739 1107 939 1157 βαρβάρων
968 1107 1032 1152 τὰς
1061 1109 1162 1156 νέας,
1193 1107 1243 1152 ὡς
1267 1109 1327 1146 καὶ
1351 1108 1532 1158 πρότερον

103 1165 187 1213 περὶ
202 1164 338 1203 Ἄθων.

202 1226 283 1261 218.
310 1225 476 1261 διέτασσε
493 1223 587 1270 ιτοὺς
613 1224 759 1272 Πέρσας
784 1223 834 1269 ὡς
860 1225 896 1269 ἐς
920 1226 1049 1273 μάχην.

202 1284 301 1330 VIII,
322 1285 354 1320 8.
380 1281 459 1319 ἀλλ’
489 1282 534 1319 οὐ
559 1281 629 1331 γάρ
656 1285 696 1319 οἱ
716 1284 873 1332 παρέσχε
898 1282 948 1327 ὥς
971 1283 1062 1321 τότε.

201 1342 260 1393 65.
291 1343 386 1378 ἰδεῖν
422 1340 462 1377 δὲ
502 1342 697 1389 κονιορτὸν
737 1342 922 1393 χωρέοντα
962 1340 1025 1378 ἀπ’
1060 1340 1267 1385 Ἐλευσῖνος
1300 1342 1349 1386 ὥς
1384 1341 1533 1390 ἀνδρῶν

105 1398 260 1447 μαλιστα
284 1413 330 1448 κῃ
354 1402 591 1449 τρισμυρίων.

201 1459 263 1506 IX,
284 1460 341 1495 29.
366 1457 509 1495 τούτων
533 1460 604 1502 πᾶς
629 1473 684 1502 τις
707 1458 916 1507 παρήρτητο
942 1457 992 1502 ὡς
1017 1436 1054 1502 ές
1078 1458 1247 1507 πόλεμον.

202 1518 258 1554 66.
283 1518 396 1554 ταῦτα
421 1520 666 1565 παραγγείλας
691 1533 741 1562 ως
766 1519 802 1561 ἐς
827 1516 948 1566 μάχην
974 1512 1040 1565 ἦγε
1066 1519 1185 1566 δῆθεν
1210 1517 1275 1556 τὸν
1300 1504 1466 1567 στρατόν.

203 1578 407 1614 Exercitum
441 1580 560 1614 autem
585 1578 622 1613 in
646 1578 820 1625 proelium
846 1590 919 1614 non
946 1577 1089 1614 ductum
1116 1590 1204 1617 esse
1206 1579 1392 1647 particula
1417 1579 1533 1625 δῆθεν

105 1637 291 1673 indicatur.

202 1695 268 1731 His
294 1695 382 1732 locis
408 1694 673 1731 adnumeranda.
698 1697 753 1731 est
777 1694 909 1730 locutio
932 1691 981 1737 ὡς
1001 1694 1150 1738 ἕκαστος
1168 1694 1196 1742 Ι,
1214 1695 1299 1741 114;
1325 1695 1387 1742 VI,
1403 1696 1460 1742 31,
1478 1696 1535 1740 79,

106 1755 206 1790 cuius
231 1755 504 1801 explicationem
531 1754 732 1800 exemplum
758 1754 785 1799 I,
800 1754 847 1789 29
874 1753 940 1788 sub
966 1752 1003 1800 a)
1030 1754 1179 1789 allatum
1204 1755 1351 1800 praebet
1360 1752 1399 1800 ²).

203 1812 281 1848 Huc
306 1813 459 1859 pertinet
480 1812 586 1848 etiam
607 1811 635 1859 I,
653 1812 723 1848 155
748 1809 884 1858 ὁμοίως
903 1810 974 1859 γάρ
990 1824 1053 1858 μοι
1073 1813 1145 1848 νῦν
1160 1825 1200 1858 γε
1215 1805 1394 1858 φαίνομαι
1408 1824 1533 1848 πεποι-

105 1871 231 1918 ηκέναι
257 1869 308 1914 ὡς
332 1875 369 1908 εἴ
389 1885 443 1913 τις
468 1870 604 1918 πατέρα
629 1868 845 1914 ἀποκτείνας
869 1872 944 1907 τῶν
969 1871 1112 1907 παίδων
1138 1869 1252 1907 αὐτοῦ
1277 1873 1453 1917 φείσαιτο.

203 1931 339 1967 Eodem
360 1930 534 1966 referendi
560 1932 644 1966 sunt
672 1930 712 1965 ii.
726 1942 866 1977 quoque
891 1930 1050 1971 locilubi
1076 1929 1125 1972 ὥς
1149 1930 1429 1976 comparativum
1456 1943 1536 1965 cum

107 1990 295 2036 participio
322 1989 564 2036 coniungitur,
597 2001 685 2036 quos
712 1989 810 2025 locos
835 2001 908 2025 non
940 1989 1043 2024 aliter
1073 1989 1348 2036 interpretamur
1373 2002 1479 2036 quam
1505 1991 1536 2024 si

105 2061 171 2095 pro
201 2049 391 2096 participio
418 2049 452 2084 εἰ
476 2060 555 2084 cum
585 2048 692 2083 verbo
723 2048 827 2083 finito
860 2047 1047 2095 legeretur.
1100 2048 1168 2084 Sed
1193 2048 1423 2094 participium
1453 2051 1538 2095 post

107 2104 156 2149 ὥς
175 2107 457 2154 comparativum
477 2119 550 2142 non
571 2107 665 2142 idem
685 2109 792 2153 atque
808 2107 843 2141 εἰ
856 2118 938 2142 cum
961 2107 1066 2142 verbo
1086 2106 1189 2143 finito
1211 2107 1339 2152 valere,
1361 2107 1538 2153 particula

105 2165 274 2212 negativa
299 2164 461 2201 adhibita
481 2165 688 2201 ostenditur.
721 2164 815 2200 Nam
831 2159 916 2200 *cum
937 2161 987 2206 ὡς
1006 2165 1283 2211 comparativum
1305 2165 1537 2212 participium

107 2224 276 2272 sequitur,
301 2224 509 2272 negativum
531 2226 586 2259 est
607 2220 652 2259 οὐ
678 2222 755 2271 (οῇ.
775 2222 821 2269 11,
846 2224 912 2260 121
922 2224 945 2259 δ
952 2237 961 2269 3
986 2223 1047 2270 VI,
1067 2225 1096 2269 1,
1112 2224 1175 2270 393
1201 2223 1280 2267 VII,
1300 2221 1375 2271 14);
1402 2236 1481 2260 cum
1505 2225 1539 2260 εί

107 2295 187 2319 cum
212 2284 320 2320 verbo
347 2283 457 2327 finito,
483 2281 533 2329 μή
559 2281 636 2330 (cfr.
652 2281 715 2329 IV,
732 2283 778 2318 99
805 2283 871 2318 sub
892 2281 940 2330 a)

206 2391 234 2427 1)
255 2389 334 2419 Vide
354 2398 433 2427 quae
454 2389 512 2418 hac
533 2388 571 2419 de
592 2397 625 2419 re
649 2388 753 2426 Lange
774 2389 909 2426 (Homer.
930 2388 1090 2426 Gebraueh
1116 2388 1169 2418 der
1189 2387 1328 2418 Partikel
1358 2388 1394 2418 εἰ.
1421 2400 1450 2428 p.
1468 2391 1538 2427 223)

106 2437 236 2524 scripsg)
261 2486 320 2516 Cfr.
353 2486 637 2525 Schweighaeuser,
669 2486 744 2515 Lex
779 2485 851 2515 Her.
883 2484 940 2515 sub
970 2483 1005 2515 ἓκ
988 2494 1064 2514 καστ
1049 2495 1099 2518 τος
1129 2485 1169 2522 3).
1210 2484 1377 2522 Matthiae,
1414 2485 1456 2515 Gr
1457 2486 1535 2516 iech.

36 2554 42 2558 -
107 2534 306 2567 Grammatik
338 2535 377 2566 ΙΙ.
409 2539 435 2566 3.
452 2535 528 2566 Aufl.
549 2545 579 2574 p.
598 2538 682 2566 1510.
723 2533 858 2572 Ktssmer,
878 2537 895 2571 ξ
916 2537 982 2564 555.
1013 2534 1102 2563 Anm.
1122 2536 1166 2564 15.
1195 2543 1225 2572 p.
1242 2537 1308 2565 921.
1351 2535 1471 2574 Wssdn,
1493 2535 1538 2565 De

106 2583 138 2613 vi
158 2585 191 2615 et
210 2594 268 2614 usu
288 2585 460 2623 particulae
480 2582 521 2619 ὥς
541 2584 624 2623 apud
645 2583 856 2622 Thucydidem
877 2594 905 2622 p.
925 2586 971 2612 17.

1287 2637 1304 2662 3
