1771 2981
723 180 963 218 —30-

126 265 236 315 ὅκως,
274 269 452 305 sententia.
489 270 678 317 temporali
713 269 918 318 interiecta,
953 271 1064 306 iterat
1096 267 1145 312 ὡς
1175 269 1203 317 I,
1224 270 1295 307 209
1326 271 1426 306 ποίεε
1457 266 1563 315 ὅκως,
1588 266 1590 271 ”

126 326 237 364 ἐπεὰν
264 326 334 374 ἐγώ
360 325 448 364 τάδε
474 325 815 375 καταστρεψάμενος
840 331 938 365 ἔλθω
965 329 1049 375 ἐκεῖ,
1075 326 1124 372 ὥς
1149 342 1212 376 μοι
1237 326 1472 375 καταστήσεις
1495 341 1563 364 τον

79 431 83 434 ¹
126 387 239 422 παῖδα
266 386 302 429 ἐς
328 388 489 433 ἔλεγχον.
542 388 608 423 His
640 388 728 423 locis
757 388 912 424 futurum
940 388 1124 424 indicativi
1150 388 1339 424 invenitur.
1390 386 1563 423 Similiter
1604 423 1607 427 ,

126 448 246 480 autem
282 449 475 491 usurpatur
511 447 755 482 coniunctivus
791 447 931 493 aoristi,
968 447 1011 482 ad
1049 444 1098 489 ὥς
1136 447 1312 492 particula
1345 444 1394 482 ἄν
1430 446 1564 492 addita,
1598 451 1612 465 “

128 503 195 549 III,
212 504 259 540 85
280 505 431 550 μηχανῶ
453 501 502 547 ὡς
522 501 570 539 ἂν
591 501 695 550 ἡμεῖς
716 505 860 551 σχῶμεν
881 505 991 541 τοῦτο
1012 502 1054 540 τὸ
1080 504 1189 551 γέρας
1208 504 1269 540 καὶ
1294 502 1344 551 μὴ
1370 502 1480 547 ἄλλος
1500 517 1563 546 τις.

642 777 647 798 ¹
720 780 853 831 Caput
884 780 968 820 VII.

660 866 709 901 ὼ(
735 865 1028 911 comparativum.

225 941 275 986 ὡς
300 944 581 990 comparativum
613 945 762 980 dicimus
793 942 841 987 ὡς
872 946 1064 981 relativum
1096 956 1165 990 quo
1197 944 1350 980 alterum
1380 956 1562 991 compara-

126 1003 236 1037 tionis
269 1003 466 1037 membrum
497 1003 743 1049 introducitur.
796 1003 941 1048 Proprie
973 1003 1045 1037 alio
1073 1003 1222 1048 ¹nomine
1248 1014 1289 1038 ac
1313 1003 1463 1038 relativo
1489 1014 1563 1037 non

126 1064 223 1108 eget,
260 1061 320 1096 sed
351 1061 451 1097 iuvat
482 1073 586 1096 suum
619 1060 745 1107 cuique
782 1061 894 1096 colori
924 1073 1056 1096 nomen
1085 1061 1207 1098 tribui.
1262 1060 1438 1107 Exempla
1473 1073 1562 1107 quac

124 1120 194 1155 huc
220 1120 405 1155 referenda
437 1123 535 1165 sunt,
569 1123 651 1166 apte
683 1120 728 1154 ad
753 1121 928 1155 rationem
955 1132 1061 1166 quam
1087 1131 1167 1154 cum
1193 1121 1369 1166 sententia
1393 1121 1564 1166 primaria

125 1179 270 1225 habent,
295 1179 332 1214 in
358 1181 433 1214 tres
454 1179 592 1214 classes
619 1178 805 1213 distribuo.

226 1239 256 1273 l.
293 1237 361 1272 Per
396 1238 701 1283 comparationem
739 1238 864 1278 modus
899 1237 1096 1282 praedicati
1132 1237 1331 1272 sententiae
1369 1237 1565 1283 primariae

126 1291 309 1342 definitur3
340 1296 397 1332 vel
428 1296 508 1331 aliis
540 1296 657 1330 verbis
689 1300 730 1331 ut
760 1296 889 1332 dicam:
925 1295 1108 1331 Sententia
1146 1297 1297 1332 relativa
1334 1297 1478 1331 modum
1510 1296 1562 1331 in-

126 1355 223 1391 dicat
252 1367 404 1402 quocum
441 1354 566 1390 modus
602 1355 796 1401 praedicati
829 1356 1026 1390 sententiae
1062 1356 1254 1401 primariae
1286 1355 1476 1391 convenire
1507 1356 1563 1391 vel

126 1414 335 1449 adfirmatur
363 1414 417 1449 vel
443 1415 606 1460 negatur.

226 1471 263 1520 a)
290 1472 470 1508 sententia
496 1472 649 1508 relativa
673 1472 815 1518 integra
840 1474 910 1507 est:

226 1532 252 1576 1,
268 1531 325 1566 29.
356 1528 592 1566 ἀπικνέονται
618 1527 724 1566 ἄλλοι
749 1543 788 1565 τε
814 1530 854 1565 οἱ
876 1528 1008 1572 πάντες
1029 1530 1068 1565 ἐκ
1092 1531 1157 1576 τῆς
1177 1528 1351 1573 Ἑλλάδος
1377 1533 1562 1577 σοφισταί,

128 1588 177 1632 ὡς
202 1589 353 1631 ἕκαστος
378 1586 501 1625 αὐτῶν
527 1586 736 1624 ἀπικνέοιτο
746 1587 783 1636 ¹).
1335 1626 1338 1629 ,

227 1649 285 1684 95.
321 1645 370 1690 ὡς
405 1642 459 1683 ὦν
493 1647 668 1692 Περσέων
701 1646 922 1693 μετεξέτεροι
948 1648 1113 1693 λέγουσι,
1149 1646 1239 1683 κατὰ
1275 1648 1388 1684 ταῦτα
1423 1646 1563 1694 γράψω.

126 1706 182 1742 Ex
213 1707 302 1742 locis
333 1707 394 1742 ubi
425 1707 605 1742 sententia
634 1706 784 1755 relativa
815 1706 956 1753 integra
986 1709 1055 1749 est,
1086 1707 1154 1742 hoc
1183 1709 1324 1742 tantum
1355 1711 1392 1742 et
1416 1706 1499 1754 VII,
1517 1708 1563 1743 14

125 1767 302 1802 sententia
330 1766 479 1801 relativa
504 1765 714 1812 primariam
738 1764 954 1801 sententiam
975 1765 1164 1811 praecedit,
1190 1769 1226 1802 et
1246 1768 1396 1813 utroque
1422 1767 1500 1802 loco
1526 1768 1562 1802 in

126 1826 303 1860 sententia
344 1824 514 1871 primaria.
555 1824 874 1860 demonstrativum
920 1824 1070 1859 relativo
1111 1824 1329 1871 respondens
1359 1826 1562 1862 invenitur.

126 1885 235 1920 Nullo
267 1885 339 1920 alio
371 1896 477 1930 quem
509 1884 575 1918 sub
610 1885 627 1918 l
662 1895 756 1930 pono
789 1884 865 1919 loco
897 1883 966 1919 nisi
1001 1883 1127 1929 11‚30;
1158 1882 1222 1929 IV,
1242 1884 1322 1929 1393
1356 1883 1454 1931 VIII,
1470 1883 1563 1932 6811)
1608 1921 1610 1923 .
1657 1883 1662 1886 ’

125 1943 448 1978 demonstrativum
474 1943 510 1977 in
539 1943 718 1976 sententia
744 1942 914 1987 primaria
939 1942 1087 1987 reperio.

226 2002 307 2037 140.
337 2000 396 2036 καὶ
428 1998 522 2047 ἀμφὶ
560 1999 627 2046 μὲν
657 2000 707 2048 τῷ
738 1998 842 2049 νόμῳ
873 1998 991 2049 τούτῳ
1025 1999 1133 2046 ἐχέτω
1165 1997 1214 2042 ὦς
1243 1999 1303 2036 καὶ
1336 1997 1452 2047 ἀρχὴν
1483 2000 1583 2036 ένο-’

124 2063 252 2107 μίσθη.

224 2118 270 2163 11,
287 2119 343 2154 28.
374 2119 486 2153 ταῦτα
513 2117 580 2163 μέν
605 2130 676 2152 νυν
703 2119 794 2153 ἔστω
821 2115 870 2159 ὡς
897 2119 972 2152 ἔστι
997 2129 1034 2152 τε
1060 2115 1118 2152 καὶ
1147 2114 1194 2159 ὡς
1220 2115 1336 2163 ἀρχὴν
1361 2117 1513 2163 ἐγένετο.

225 2178 283 2213 30.
315 2179 367 2212 ἔτι
393 2175 434 2212 δὲ
460 2173 514 2212 ἐπ’
543 2176 629 2222 ἐμεῦ
655 2175 715 2211 καὶ
737 2176 914 2222 Περσέων
934 2173 1025 2211 κατὰ
1049 2173 1162 2211 ταύτὰ
1188 2176 1229 2210 αἱ
1252 2175 1413 2221 φυλακαὶ
1438 2178 1563 2222 ἔχουσι

126 2233 175 2277 (ὃς
200 2235 261 2270 καὶ
288 2234 346 2270 ἐπὶ
378 2237 622 2280 Ψαμμητίχου
647 2229 752 2280 ἦσαν.

223 2294 281 2330 36.
306 2290 351 2328 τὰ
376 2293 501 2328 αἰδοῖα
527 2287 638 2328 ὧλλοι
664 2291 732 2338 μὲν
759 2293 847 2328 ἐῶσι
873 2290 922 2335 ὡς
947 2292 1128 2338 ἐγένοντο.

226 2353 304 2389 138.
335 2353 402 2387 τοῦ
434 2350 468 2387 δ’
498 2352 581 2399 ἱροί
614 2349 660 2387 οὐ
689 2352 932 2398 κεκινημένου
962 2349 1011 2394 ὡς
1042 2349 1207 2398 ἀρχῆθεν
1239 2351 1409 2399 ἐποιήθη.
1460 2353 1563 2389 Stein

124 2415 243 2448 notat:
272 2410 347 2458 „ais
379 2411 506 2447 stiinde
537 2413 627 2447 statt
658 2411 719 2447 des
751 2411 942 2458 negativen
977 2408 1021 2447 οὐ
1051 2411 1292 2458 κεκινημένου
1317 2412 1381 2448 das
1406 2413 1562 2459 positive

124 2469 215 2506 κατὰ
241 2469 365 2518 χώρην
393 2469 565 2512 ἑστεῶτος
589 2469 634 2518 (Ι,
653 2468 748 2518 17)“.

227 2570 255 2605 1)
279 2568 323 2597 De
344 2567 485 2606 optativo
506 2568 576 2597 vide
599 2567 733 2605 Ki'ihuer,
755 2577 784 2605 p.
803 2570 868 2597 992.
901 2566 956 2597 cfr.
978 2567 1070 2598 etiam
1093 2567 1179 2598 Stein
1200 2568 1238 2598 ad
1259 2568 1370 2598 locum.
