1771 2981
751 189 989 246 *15*-

249 294 299 341 ὡς
331 298 602 333 exclamativum
637 298 675 333 in
705 299 947 346 enuntiatione
978 300 1146 345 primaria
1181 300 1335 335 occurrit
1365 298 1450 346 VH,
1474 300 1522 336 46
1555 291 1584 334 ὦ

153 357 316 404 βασιλεῦ,
343 352 392 399 ὥς
416 353 555 392 πολλὸν
581 353 750 403 ἀλλήλων
774 357 1021 406 κεχωρισμένα
1047 356 1205 405 ἐργάσαο
1231 359 1303 395 νῦν
1323 372 1361 395 τε
1383 358 1445 395 καὶ
1471 356 1584 407 ὀλίγῳ

155 414 345 464 πρότερον.
395 415 438 451 In
469 415 592 451 eodem
623 417 740 462 eapite
775 416 955 459 invenitur
985 418 1184 464 exemplum
1221 418 1281 454 ubi
1311 430 1389 454 cum
1423 418 1584 466 optativo

149 475 351 522 ¹praesentis
382 487 404 510 a
429 477 591 520 tempore
621 476 811 520 praeterito
842 470 940 512 rerbi
971 476 1146 512 sentiendi
1170 477 1316 522 pendet:
1351 477 1488 523 ἐσῆλθε
1511 474 1584 522 γάρ

152 546 197 579 με
226 531 473 580 λογισάμενον
503 539 745 581 κατοικτεῖραι
770 530 819 577 ὡς
843 533 980 582 βραχὺς
1005 539 1060 581 εἴη
1087 532 1107 571 ὁ
1133 539 1203 577 πᾶς
1227 533 1466 582 ἀνθρώπινος
1490 536 1584 580 βίος,

152 594 186 627 εἰ
209 590 353 628 τούτων
378 605 419 638 γε
451 589 590 627 ἐόντων
620 590 807 628 τοσούτων
838 593 960 635 οὐδεὶς
990 594 1026 635 ἐς
1056 591 1253 629 ἑκατοστὸν
1285 596 1364 636 ἔτος
1388 593 1583 640 περιέσται.

763 869 895 920 Caput
925 869 971 909 V.

152 954 201 989 ὡς
227 953 421 989 sententias
451 953 496 988 ab
511 950 644 988 ‘vorbis
670 945 820 996 dicendiss
853 953 1026 990 sentiendi
1056 954 1160 990 simil.
1186 954 1376 1000 pendentes
1406 954 1583 991 inducens.

251 1032 354 1068 Hunc
384 1044 524 1078 quoque
550 1044 652 1067 usum
679 1032 722 1067 ad
749 1029 797 1074 ὡς
822 1033 1140 1069 demonstrativum
1165 1032 1357 1069 Naumann
1382 1032 1423 1080 (l.
1445 1034 1467 1069 l.
1492 1021 1581 1080 p.'5)

151 1090 272 1136 refert,
295 1091 440 1136 eiusque
466 1090 639 1137 originem
666 1090 819 1136 explicat
843 1091 940 1127 hisce
966 1091 1102 1127 verbis:
1129 1090 1339 1126 ‘Descendit
1363 1091 1452 1127 haec
1473 1091 1582 1138 signi-

150 1149 270 1184 ficatio
295 1149 383 1184 item
409 1161 449 1184 ac
475 1149 571 1195 prior
595 1149 633 1195 (i.
647 1150 682 1185 e.
709 1148 958 1197 exclamative.)
986 1150 1030 1185 ab
1056 1162 1122 1186 usu
1149 1144 1443 1197 demonstrativo,
1468 1153 1505 1185 et
1529 1151 1582 1186 ita

151 1207 310 1254 quidem,
341 1210 382 1242 ut
411 1207 565 1253 primum
596 1207 769 1243 diceretur
798 1205 920 1254 ἔλεγεν
954 1205 1003 1250 ’ὥς
1031 1207 1094 1257 (=
1120 1202 1210 1256 ὦδε)
1242 1210 1387 1254 ἔπεσεν,
1420 1212 1502 1255 post
1532 1206 1583 1250 ὦς

155 1266 318 1301 oratione
344 1265 478 1302 directa
504 1267 756 1312 subsequente:
782 1279 824 1302 ex
851 1279 920 1313 quo
942 1279 1048 1314 quam
1064 1268 1167 1303 facile
1188 1267 1247 1313 hic
1267 1279 1363 1313 usus,
1383 1270 1424 1302 ut
1445 1267 1584 1302 dicatur

152 1325 274 1370 ἔλεγεν
300 1321 350 1366 ὥς
375 1325 516 1370 ἔπεσεν,
544 1325 643 1371 gigni
670 1326 836 1372 potuerit,
861 1327 1088 1361 manifestum
1115 1325 1191 1361 est?
1232 1328 1283 1361 At
1307 1326 1370 1361 ubi
1395 1326 1468 1361 sive
1489 1326 1582 1372 apud

151 1381 382 1428 Herodotum,
408 1384 482 1418 sive
508 1383 601 1429 apud
628 1383 736 1418 alium
763 1384 970 1429 scriptorem
991 1383 1166 1419 Graecum
1192 1387 1247 1419 est
1273 1384 1475 1430 exemplum
1498 1396 1582 1419 usus

151 1443 296 1476 nostrae
321 1442 520 1488 particulae
546 1442 817 1477 demonstrativi
843 1432 911 1488 quo
938 1442 1024 1478 haec
1051 1442 1445 1478 sententiafu‘lciatur?
1496 1443 1583 1478 Pro·

150 1498 242 1534 fecto
277 1512 322 1534 ne
359 1513 466 1535 unum
503 1501 644 1547 quidem
680 1502 803 1536 exstat.
859 1501 1047 1536 Praeterea
1083 1501 1251 1547 analogia
1289 1498 1403 1548 neque
1439 1501 1583 1548 linguae

152 1556 309 1592 Graecae
335 1559 448 1604 ipsius
474 1571 587 1605 neque
613 1560 813 1606 linguarum
839 1561 1081 1606 cognatarum·
1098 1571 1176 1594 eam
1198 1560 1361 1595 sustinet.
1396 1559 1532 1596 Contra
1552 1560 1582 1595 si
1604 1583 1613 1598 ι

152 1616 235 1661 quid
262 1628 304 1650 ex
329 1617 508 1662 particula
529 1614 598 1661 ὅτι,
625 1631 715 1664 quae
740 1618 816 1653 sine
834 1617 944 1653 'dubio
964 1618 1116 1653 relativa
1137 1621 1202 1664 est,
1223 1630 1383 1664 quaeque
1403 1619 1441 1653 in
1461 1618 1581 1654 huius-

151 1674 245 1709 modi
272 1675 455 1710 sententiis
482 1687 586 1721 saepe
613 1677 657 1710 ab
684 1673 733 1717 ὡς
749 1676 856 1711 'nullo
882 1676 986 1711 modo
1013 1676 1145 1723 differt,
1175 1678 1280 1722 atque
1308 1689 1351 1711 ex
1378 1676 1581 1723 linguarum

153 1736 387 1779 cognatarum
413 1732 705 1782 oonsuetudine1)
726 1734 892 1780 loquendi
918 1734 960 1769 de
985 1734 1090 1770 huius
1110 1734 1307 1780 particulae
1334 1731 1383 1778 ὡς
1407 1747 1493 1771 usus
1515 1736 1582 1771 ori-

151 1791 234 1838 gine
264 1792 424 1827 conicere
455 1793 509 1828 fas
542 1796 614 1839 est,
644 1793 807 1829 dubitare
836 1805 908 1828 non
933 1805 1125 1839 *possumus
1157 1794 1243 1839 quin
1274 1806 1317 1829 ex
1349 1790 1399 1836 ὥς
1428 1795 1580 1831 relativo

149 1852 256 1886 natus
283 1850 340 1886 sit.

249 1907 469 1955 Quamquam
496 1910 589 1956 apud
615 1910 835 1946 Herodotum
861 1907 909 1952 ὡς
935 1910 1073 1956 saepius
1100 1913 1208 1956 atque
1233 1913 1316 1957 post
1339 1911 1446 1957 plura
1471 1912 1582 1948 verba

151 1978 256 2013 quam
290 1964 345 2003 ὅτι
375 1967 569 2015 invenitur,
599 1972 636 2003 et
661 1981 875 2014 quamquam
906 1971 987 2013 post
1017 1968 1191 2008 nonnulla
1219 1969 1344 2015 verba,
1380 1972 1421 2004 ut
1450 1968 1583 2016 φάναι,

150 2026 372 2076 accusativus
408 2037 487 2061 cum
524 2027 702 2062 infinitivo
740 2038 877 2072 semper
912 2027 984 2061 fere
1005 2027 1179 2071 ponitur,
1214 2030 1334 2070 tamen
1365 2039 1437 2062 non
1469 2041 1583 2073 pauca

152 2085 236 2118 sunt
261 2096 303 2119 ea
328 2075 437 2120 verba
462 2096 551 2131 quae
577 2096 700 2121 omnes
725 2088 799 2120 tres
825 2085 1103 2135 constructiones
1130 2087 1333 2130 sequantur.
1380 2086 1432 2120 De
1458 2076 1599 2122 discri?

149 2142 244 2177 mine
264 2143 358 2178 inter
378 2143 443 2178 has
465 2144 748 2179 constructiones
771 2144 898 2179 statuit
913 2143 1056 2188 Madvig
1064 2141 1092 2190 2)
1113 2143 1215 2177 haee:
1237 2142 1323 2178 ‘Die
1345 2145 1582 2192 Anwendung

152 2200 214 2237 des
234 2203 360 2238 Aecus.
386 2202 453 2237 mit
478 2202 556 2237 dem
582 2202 684 2238 Infin.
712 2203 796 2238 oder
822 2203 918 2237 eines
945 2201 1065 2237 Satzes
1092 2201 1158 2236 mit
1183 2198 1240 2237 ὅτι
1265 2202 1351 2237 oder
1377 2200 1427 2245 ὡς
1453 2204 1582 2240 beruht

151 2272 230 2295 zum
257 2261 400 2307 grossen
426 2261 502 2297 Teil
530 2262 593 2298 auf
608 2261 716 2297 Wahl
741 2261 802 2297 des
820 2260 1099 2297 *Schriftstellers
1124 2260 1217 2296 nach
1243 2259 1489 2298 Deutlichkeit
1509 2263 1580 2298 und

153 2318 471 2365 Angemessenheit
501 2321 538 2355 in
569 2319 774 2367 Beziehung
804 2320 868 2355 auf
895 2320 960 2355 den
990 2319 1066 2354 Bau
1097 2319 1157 2364 des
1188 2331 1324 2365 ganzen
1354 2321 1580 2368 abhiingigen

150 2375 273 2413 Satzes
298 2378 369 2413 und
396 2378 458 2414 der
479 2377 635 2415 Periode.
674 2378 759 2415 Man
779 2379 875 2414 kann
896 2377 970 2414 sich
993 2377 1120 2422 jedoch
1145 2377 1234 2412 iiber
1254 2378 1323 2414 den
1343 2371 1580 2415 Unterschied

249 2494 279 2533 1)
299 2494 359 2524 Cfr.
390 2503 502 2524 sanscr.
527 2495 638 2532 patha,
658 2474 721 2533 got.
742 2478 845 2533 patei,
876 2503 970 2532 germ.
991 2492 1048 2522 wie
1074 2492 1157 2531 (vidc
1179 2492 1382 2524 Vemaleken.
1424 2495 1579 2525 Deutsche

150 2541 266 2580 Syntax
287 2544 323 2573 ΙΙ.
344 2554 374 2582 p.
391 2545 469 2582 367).

246 2593 278 2630 2)
299 2593 318 2622 l.
340 2592 360 2622 l.
382 2596 398 2629 ᾖ
422 2596 487 2624 159.
530 2595 615 2623 Anm.
634 2596 660 2623 3.
