1771 2981
715 216 774 252 —.
814 197 858 235 31
915 216 954 224 ...-

221 283 287 333 III,
305 286 359 322 12.
382 283 507 333 ἐκέετο
533 283 577 322 τὰ
602 282 709 322 ὀστέα
735 283 783 328 ὦς
807 286 991 334 ἐχωρίσθη
1017 283 1094 322 κατ’
1123 283 1243 333 ἀρχάς.

224 345 304 382 109.
331 346 365 380 εἰ
389 344 554 391 ἐγίνοντο
579 341 629 388 ὥς
653 341 676 391 ἡ
702 343 814 392 φύσις
839 344 983 392 αὐτοῖσι
1008 343 1174 393 ὑπάρχει.

222 403 287 449 IV,
302 403 360 438 32.
392 404 517 449 ἔλεγον
542 400 613 449 γὰρ
638 399 687 438 ἂν
711 402 772 438 καὶ
794 402 954 449 Σκύθαι,
980 401 1031 447 ὥς
1050 403 1132 451 περὶ
1152 405 1226 440 τῶν
1247 404 1551 451 μουνοφθάλμων

126 462 285 508 λέγουσι.

112 563 121 574 ἱ
176 546 180 549 -
225 521 304 557 134.
336 518 579 563 ἐκκαύσαντος
602 517 646 556 τὰ
671 519 769 568 πυρὰ
796 518 844 564 ὡς
869 519 1038 568 ἐώθαμεν
1062 521 1123 558 καὶ
1149 520 1278 558 ἄλλοτε
1304 521 1451 558 ποιέειν.

222 578 285 625 VI,
304 579 362 615 42.
393 580 433 614 οἳ
454 606 583 614 .....
616 579 839 615 διατελέουσι
870 582 1013 626 ἔχοντες
1037 608 1165 617 .....
1196 578 1245 623 ὥς
1275 581 1484 628 ἐτάχθησαν
1516 581 1553 624 ἐξ

126 636 398 685 Ἀρταφρένεος.

228 697 307 733 111.
339 695 544 739 ἐξεδέκοντο
570 694 619 740 ὡς
645 683 871 749 ἀριθμέοντο
896 698 939 733 αἱ
960 697 1072 743 φυλαὶ
1099 696 1267 744 ἐχόμεναι
1293 696 1491 744 ἀλληλέων.

225 752 459 801 V11‚14.a‘›5·
483 754 543 792 καὶ
569 754 679 825 μέγας
702 754 762 791 καὶ
787 754 921 798 πολλὸς
941 755 1064 802 ἐγένεο
1091 756 1131 792 ἐν
1157 751 1269 844 ὀλίγῳ
1294 754 1429 805 χρόνῳ,
1455 753 1553 792 οὕτω

128 813 187 850 καὶ
212 811 384 856 ταπεινὸς
408 811 524 850 ὀπίσω
548 811 638 850 κατὰ
663 812 771 861 τάχος
797 816 903 851 ἔσεαι.

227 871 327 918 VIII,
343 873 399 908 21.
430 872 637 918 ἐκομίζοντο
664 870 705 907 δὲ
730 870 780 918 ᾧς
805 872 950 909 ἕκαστοι
975 873 1196 920 ἐτάχθησαν.

225 932 282 967 67.
304 929 371 966 ’καὶ
397 930 517 988 ἵζοντο
543 944 592 973 ως
617 941 683 977 σφι
709 928 878 976 βασιλεὺς
904 930 1040 983 ἑκάστῳ
1066 929 1174 979 τιμὴν
1201 931 1382 968 ἐδεδώκεε.

228 990 308 1025 107.
339 987 483 1035 ἀπῆγον
510 1017 614 1025 .....
640 986 689 1031 ὡς
713 988 839 1035 τάχεος
865 987 937 1036 εἶχε
962 990 1119 1032 ἕκαστος.

225 1048 287 1095 ΙΧ,
303 1048 360 1084 49.
385 1054 479 1083 τοῖσι
506 1046 547 1083 δὲ
572 1045 715 1084 αλλοισι
732 1045 882 1095 Ελλησι
904 1046 930 1096 ἡ
951 1047 1018 1095 μὲν
1037 1047 1154 1095 κρήνη
1174 1047 1298 1098 πρόσω
1325 1049 1477 1094 ἐγίνετο,
1504 1046 1555 1091 ὦς

128 1108 271 1145 ἕκαστοι
297 1109 428 1154 ἔτυχον
453 1107 674 1154 τεταγμένοι.

226 1166 282 1201 59.
308 1164 368 1200 καὶ
394 1165 549 1201 ἐδίωκον
574 1163 623 1208 ὡς
647 1167 774 1202 ποδῶν
800 1166 942 1202 ἕκαστοι
968 1165 1076 1213 εἶχον.

226 1224 305 1260 Huc
336 1225 491 1270 pertinet
521 1221 571 1266 ὥς
601 1237 681 1260 cum
713 1226 822 1260 verbo
848 1227 932 1271 ἔχωι
957 1225 985 1272 Ι,
1001 1227 1057 1271 24,
1083 1226 1139 1271 61,
1168 1227 1246 1270 114,
1274 1226 1357 1272 1233
1383 1225 1449 1268 ΙΙΙ,
1469 1226 1553 1269 1553

130 1273 174 1329 V',
189 1283 251 1330 643
277 1282 339 1330 VI,
357 1283 417 1328 17;
443 1282 542 1328 VIII,
558 1283 616 1329 62,
642 1284 770 1330 quibus
792 1285 956 1319 omnibus
977 1284 1074 1327 locis,
1099 1286 1245 1330 excepto
1269 1286 1407 1319 tantum
1430 1284 1458 1330 I,
1477 1285 1556 1328 123,

130 1342 241 1387 valet,
273 1341 305 1377 ‘e
336 1341 510 1389 vestigio'.
567 1342 664 1378 Haec
701 1343 914 1390 significatio
950 1345 1100 1390 augetur
1132 1343 1251 1378 addito
1283 1341 1397 1385 εὐθύς
1429 1343 1471 1389 V,
1493 1344 1555 1388 643

129 1400 239 1443 ἰθέως
275 1400 342 1446 VI,
367 1401 422 1436 17.
485 1400 657 1436 conferas
694 1413 784 1447 quae
819 1400 966 1438 Classen
1002 1395 1044 1437 de
1081 1398 1201 1448 ὥσπερ
1240 1399 1335 1448 εἶχεν
1371 1404 1473 1437 notat
1509 1403 1554 1437 ad

130 1459 237 1496 Thuc.
263 1459 292 1507 Ι,
311 1460 390 1506 134,
405 1461 438 1496 3.
750 1460 752 1462 ’
851 1454 854 1462 τ

228 1518 295 1554 Hic
325 1519 401 1553 iure
425 1531 520 1564 pono
547 1518 610 1564 IV,
625 1519 671 1553 99
702 1517 764 1554 καὶ
789 1517 1022 1565 παραπλήσια
1047 1518 1159 1566 ταύτῃ
1184 1518 1244 1555 καὶ
1271 1513 1312 1554 οἷ’
1337 1520 1472 1566 Ταῦροι
1498 1519 1554 1554 νέ-

131 1590 260 1622 μονται
291 1578 354 1623 τῆς
379 1578 585 1623 Σκυθικῆς,
618 1575 666 1620 ὡς
696 1579 730 1613 εἰ
759 1578 823 1624 τῆς
845 1575 1005 1623 Ἀττικῆς
1036 1575 1127 1613 ἄλλο
1158 1578 1268 1620 ἔθνος
1292 1577 1352 1613 καὶ
1378 1578 1427 1624 μὴ
1450 1575 1556 1624 Ἀθη-

129 1642 228 1672 ναῖοι
263 1638 433 1682 νεμοίατο
470 1634 536 1671 τὸν
572 1634 713 1681 γουνὸν
745 1634 812 1672 τὸν
849 1635 1062 1672 Σουνιακόν
1098 1663 1313 1673 ........
1343 1633 1393 1678 ὥς
1426 1638 1460 1672 εἰ
1493 1640 1557 1682 τῆς

127 1691 311 1740 Ἰηπυγίης
336 1692 424 1730 ἄλλο
452 1696 563 1737 ἔθνος
587 1693 648 1730 καὶ
673 1694 722 1741 μὴ
749 1692 912 1741 Ἰήπυγες
932 1692 1128 1741 ἀρξάμενοι
1155 1694 1194 1730 ἐκ
1214 1697 1434 1740 Βρεντεσίου
1459 1692 1556 1740 λιμέ-

130 1766 195 1796 νος
224 1750 470 1800 ἀποταμοίατο
500 1744 618 1801 μέχρι·
635 1753 821 1801 Τάραντος
850 1753 911 1790 καὶ
943 1755 1113 1800 νεμοίατο
1144 1752 1210 1799 τὴν
1239 1751 1373 1801 ἅκρηνς
1405 1755 1435 1789 si
1461 1755 1555 1789 enim

131 1824 196 1858 pro
222 1814 256 1848 εἰ
279 1815 449 1864 νεμοίατο
475 1814 654 1860 legeretur
677 1812 865 1859 νέμονται,
891 1817 987 1848 esset
1012 1814 1079 1848 hoc
1105 1814 1220 1848 solum
1241 1813 1436 1859 discrimen,
1463 1813 1556 1859 quod

132 1883 249 1907 sermo
275 1884 360 1918 non,
386 1874 426 1906 ut
451 1883 554 1917 nunc,
581 1871 623 1907 de
648 1884 686 1907 re
712 1872 796 1908 ficta
823 1872 883 1908 sed
905 1872 947 1908 de
968 1885 1006 1908 re
1020 1868 1062 1908 ‘in
1083 1872 1176 1908 facto
1195 1872 1315 1918 posita
1335 1866 1442 1907 esset.
1478 1870 1557 1907 Hoc

131 1930 209 1966 loco
234 1932 500 1977 perspicuitatis
518 1921 642 1976 'gratia
668 1931 863 1966 similitudo
888 1935 1087 1977 usurpatur.
1138 1931 1220 1965 Alia
1240 1930 1394 1966 eiusdem
1421 1930 1557 1976 figurae

132 1990 292 2035 exempla
316 1992 400 2024 sunt
424 1988 451 2034 Ι,
470 1989 549 2032 155,
578 1989 662 2035 191;
688 1988 755 2034 ΙΙΙ,
772 1990 836 2036 233
861 1988 940 2033 VII,
958 1990 1038 2025 162.

228 2046 269 2096 b)
295 2046 482 2083 Sententia
507 2048 657 2083 relativa
682 2044 980 2094 verbumvhabet,
1011 2049 1053 2084 ad
1086 2048 1177 2094 quod
1208 2060 1263 2082 ex·
1282 2048 1462 2083 sententia
1488 2048 1557 2092 pri-

132 2106 245 2142 maria
265 2107 483 2152 cogitatione
504 2106 721 2152 supplendus
747 2107 795 2141 sit
819 2107 1030 2142 infinitivus:
1206 2100 1209 2104 ’

228 2163 257 2212 I,
275 2165 319 2201 16
345 2161 416 2200 ἀπὸ
442 2165 508 2211 μέν
534 2178 605 2200 νυν
629 2163 772 2201 τούτων
797 2162 864 2201 οὐκ
889 2163 938 2207 ὡς
963 2163 1073 2211 ἤθελε
1099 2163 1285 2211 ἀπήλλαξε.

228 2222 257 2268 Ι,
275 2223 332 2258 30.
362 2221 596 2268 θεησάμενον
622 2223 666 2259 δέ
688 2236 752 2269 μιν
777 2221 821 2258 τὰ
847 2222 966 2269 πάντα
991 2223 1050 2259 καὶ
1077 2221 1305 2268 σκεψάμενον
1332 2220 1381 2264 ὥς
1407 2223 1446 2258 οἱ
1468 2221 1559 2258 κατὰ

131 2278 263 2328 καιρὸν
288 2275 344 2328 ἦν.

228 2341 287 2377 45.
318 2343 479 2388 Κροῖσος
504 2339 572 2387 μέν
595 2354 667 2376 νυν
691 2338 894 2388 ἔθαψε,-ιὸς
919 2332 1018 2383 οἰκὸς
1043 2335 1099 2387 ἦν,
1124 2338 1189 2376 τὸν
1213 2339 1353 2376 ἑωυτοῦ
1379 2342 1503 2377 παῖδα.

232 2400 289 2435 79.
319 2397 588 2446 βουλευόμενος
613 2397 757 2447 εὕρισκε
782 2398 929 2448 πρῆγμά
956 2400 995 2436 οἱ
1017 2397 1110 2435 εἶναι
1136 2399 1305 2435 ἐλαύνειν
1330 2396 1380 2442 ὦς
1405 2398 1559 2436 δύναιτο

132 2455 281 2504 τάχιστα
307 2457 364 2496 ἐπὶ
389 2457 453 2502 τὰς
477 2456 626 2506 Σάρδις.

233 2508 288 2554 79.
315 2519 354 2554 οἱ
364 2515 466 2565 παρὰ
479 2516 592 2562 δόξαν
613 2519 694 2565 ἔσχε
713 2517 757 2555 τὰ
777 2517 968 2566 πρήγματα
989 2514 1011 2564 ἢ
1033 2515 1082 2560 ὡς
1102 2515 1212 2560 αὐτὸς
1231 2518 1430 2568 κατεδόκεε.
1476 2518 1561 2554 Sen-

133 2576 248 2612 tentia
273 2577 425 2613 relativa
451 2577 630 2613 abundare
655 2578 804 2614 videtur.
854 2577 1013 2613 Eandem
1033 2577 1334 2614 constructionem
1360 2578 1561 2614 invenimus
