1771 2981
740 256 791 263 —
836 237 884 273 49
935 245 981 262 -—'
1002 254 1006 259 ·

239 325 492 374 Imperfech
517 326 560 361 de
585 327 718 362 conatu
747 312 902 361 occurrit
930 317 990 371 IX,
1006 325 1063 371 34,
1089 321 1140 366 ὥς
1163 337 1227 370 μιν
1259 323 1298 359 οἰ
1319 319 1475 370 Ἀργεῖοι
1501 321 1576 368 ἐμι-

124 385 312 424 σθοῦντο
333 385 374 422 ἐκ
393 382 526 421 Πύλου
545 384 681 421 παῦσαι
703 381 767 427 τὰς
787 382 964 431 σφετέρας
982 388 1161 430 γυναῖκας
1179 382 1244 429 τῆς
1263 380 1418 428 νούσου,
1438 379 1578 429 μισθὸν

146 447 381 492 προετείνατο
406 444 471 489 τῆς
495 444 686 489 βασιληίης
710 440 753 479 τὸ
778 441 906 489 ἥμισυ

241 501 345 538 Locis
376 501 491 537 adhuc
521 501 641 537 allatis
674 501 920 548 imperfectum
946 501 1113 548 exprimit
1142 501 1321 542 ,actionem
1352 499 1410 536 vel
1441 501 1575 535 statum

143 562 328 598 durantem
354 572 434 596 cum
460 560 553 596 actio
579 560 676 596 verbi
702 559 899 596 sententiae
925 559 1116 606 primariae
1141 559 1238 595 facta
1268 561 1331 594 est.
1384 556 1576 594 Nonnullis

145 621 263 656 nutem
289 618 378 654 locis
403 618 661 665 imperfectum,
685 620 726 654 fit
751 629 890 665 semper
915 611 1079 663 doristus,
1105 630 1180 653 rem
1202 619 1284 653 ante
1305 617 1480 653 actionem
1508 616 1578 663 pri·

143 678 292 715 mariam
317 677 449 713 factam
475 677 702 725 significat¹):
733 676 762 724 I,
777 677 824 713 47
851 673 901 720 ὥς
926 677 1089 724 ἐσῆλθον
1114 675 1264 724 τάχιστα
1290 676 1327 718 ἐς
1346 673 1388 712 τὸ
1414 674 1576 722 μέγαρον

194 765 200 773 .
219 765 225 772 .
241 763 250 772 .
267 734 328 771 καὶ
354 734 571 782 ἐπειρώτεον
594 733 635 771 τὸ
661 734 934 782 ἐντεταλμένον,
957 732 983 782 ἡ
1009 737 1143 781 Πυθίη
1154 761 1261 771 .....
1277 734 1374 781 λέγει
1392 730 1498 770 τάδε.

242 794 300 831 65.
325 791 374 836 ὡς
399 792 497 840 ἐσήιε
523 794 559 836 ἐς
582 792 624 830 τὸ
650 793 829 841 μέγαρον,
855 791 972 836 εὐθὺς
996 791 1019 840 ἡ
1045 795 1175 839 Πυθίη
1201 793 1298 839 λέγει
1316 791 1420 828 τάδε.

243 853 300 890 80.
325 849 374 895 ὥς
399 851 441 889 δὲ
464 851 525 888 καὶ
551 850 732 899 συνήισαν
757 852 795 895 ἐς
817 849 886 898 τὴν
910 850 1040 899 μάχην.
1098 869 1105 873 -
1209 869 1211 871 ·

241 911 288 957 11,
307 911 387 948 160.
407 908 456 954 ὡς
476 909 517 948 δὲ
534 938 639 948 .....
657 912 783 960 ἔλεγον
802 911 878 947 τῶν
898 911 1020 947 εἵνεκα
1041 908 1228 955 ἀπίκοντο,
1250 883 1450 946 ἐνθαῦτα
1435 924 1455 945 ο
1476 911 1578 955 βασι-

146 967 233 1012 λεὺς
256 963 364 1012 οὗτος
389 968 634 1015 συγκαλέεται.

242 1027 309 1075 ΙΠ,
324 1028 382 1064 25.
408 1025 457 1071 ὡς
481 1025 627 1075 &nov-5²)
653 1028 727 1064 τῶν
751 1025 1021 1074 Ἰχθυοφάγων,
1048 1024 1290 1073 ἐστρατεύετο.

241 1086 305 1132 IV,
321 1087 378 1123 80.
405 1083 453 1129 ὦς
478 1085 519 1123 δὲ
539 1084 627 1133 μετὰ
647 1090 767 1123 ταῦτα,
778 1084 957 1133 ἐξήλαυνε
978 1082 998 1122 ὁ
1017 1084 1166 1132 Σκύλης
1186 1084 1223 1128 ἐς
1242 1083 1338 1131 ἤθεα
1359 1083 1402 1120 τᾶ
1425 1083 1578 1130 ἑωυτοῦ,

147 1146 185 1183 οἱ
209 1143 358 1182 Σκύθαι
375 1173 479 1182 .....
497 1144 732 1182 ἐπανιστέατο
757 1146 807 1195 τῷ
835 1143 973 1193 Σκύλῃ.

245 1204 288 1251 V,
306 1205 361 1241 79.
387 1202 436 1247 ὥς
457 1203 714 1241 ἐπυνθάνοντο
736 1202 777 1241 δὲ
796 1201 983 1251 λεγόντων
1003 1200 1127 1240 αὐτῶν
1146 1204 1228 1240 τῶν
1241 1201 1395 1279 ἄγχιστα
1417 1203 1582 1249 δέεσθαι,

147 1260 253 1299 εἶπαν
280 1264 319 1299 οἰ
342 1265 497 1310 Θηβαῖοι
524 1261 748 1306 ἀκούσαντες
772 1261 924 1299 τούτων.

243 1321 326 1368 VH,
341 1322 418 1357 142.
440 1319 488 1364 ὡς
506 1320 547 1357 δὲ
562 1319 786 1364 ἀπελθόντες
806 1321 846 1357 οἰ
862 1320 1066 1368 θεοπρόποι
1084 1318 1292 1367 ἄπήγγελον
1313 1321 1350 1363 ἐς
1365 1318 1431 1357 τὸν
1448 1322 1581 1368 δῆμον,

146 1380 289 1426 γνῶμαι
314 1378 375 1415 καὶ
402 1377 509 1415 αλλαι
534 1379 665 1416 πολλαὶ
690 1371 907 1426 γίνονται..

246 1439 325 1474 146.
356 1435 405 1481 ὥς
431 1437 472 1474 δὲ
498 1439 549 1474 ἔτι
575 1437 787 1486 περιεόντας
817 1435 954 1480 αὐτοὺς
982 1437 1186 1484 κατέλαβον
1214 1437 1275 1474 καὶ
1305 1432 1400 1485 ἦγον
1431 1438 1467 1480 ἐς
1493 1436 1582 1481 ὄψιν

147 1495 215 1544 τὴν
239 1496 420 1543 βασιλέος,
444 1494 485 1533 τὸ
513 1496 686 1533 ἐνθεῦτεν
711 1496 924 1544 πυθόμενος
948 1494 1004 1533 ἐπ’
1033 1492 1107 1533 οἶσι
1135 1491 1268 1544 ἦλθον,
1295 1497 1445 1534 ἐκέλευε.

244 1556 306 1603 ΙΧ,
323 1557 379 1593 82.
415 1553 464 1598 ὦς
495 1554 536 1592 δὲ
566 1555 800 1602 κελευόμενοι
837 1549 940 1593 οὗτοι
976 1556 1123 1592 ἐποίευν
1153 1557 1285 1603 ταῦτα,
1321 1556 1484 1592 ἐνθαῦτα
1514 1554 1599 1592 τὸνῐ

135 1616 368 1662 ’Παυσανίην
385 1643 489 1651 .....
505 1615 683 1651 κελεῦσαι.

248 1682 462 1730 Saepissime
483 1684 520 1720 in
543 1684 706 1720 oratione
726 1684 890 1731 obliqua,
907 1696 1164 1731 nonnunquam
1191 1684 1254 1720 sed
1277 1681 1359 1721 raro
1385 1684 1494 1720 etiam
1520 1685 1580 1719 ubi

148 1741 265 1777 brevis
297 1745 352 1778 est
383 1742 459 1790 (cfr.
480 1742 507 1789 Ι,
526 1743 593 1778 141
617 1745 653 1779 et
672 1742 740 1786 ΠΙ,
757 1740 835 1790 87),
875 1743 954 1779 loco
989 1742 1173 1779 indicativi
1208 1742 1406 1779 infinitivus
1441 1743 1582 1789 positus

149 1798 250 1848 est3).
300 1800 515 1847 Temporum
545 1801 712 1837 infinitivi
745 1801 1075 1847 frequentissimum
1100 1804 1156 1845 est
1180 1802 1347 1837 aoristus:
1378 1799 1406 1846 I,
1422 1802 1479 1846 86,
1496 1802 1582 1847 1413

148 1857 194 1905 II,
213 1859 291 1903 107,
310 1858 530 1907 121ss›(bis),
553 1859 663 1906 1216,
682 1859 765 1906 1623
795 1858 937 1906 111,‚35;
962 1859 1025 1906 IV,
1040 1863 1074 1906 9,
1091 1860 1150 1906 11,
1167 1860 1250 1906 179;
1277 1859 1337 1907 Vl,
1354 1860 1423 1896 137
1450 1858 1582 1906 (ἐπείτε

250 1985 279 2023 1)
300 1985 359 2015 Cfr.
381 1985 507 2015 Kfihner
526 1988 543 2020 ς
559 1988 625 2022 383,
641 1987 659 2013 3
682 1985 714 2013 et
733 1984 899 2022 Delbriick,
920 1984 1126 2022 Grundlagem
1149 1994 1178 2023 p.
1196 1987 1252 2014 114
1272 1994 1340 2014 cum
1361 1995 1391 2024 p.
1409 1988 1533 2015 105—6.

247 2033 279 2072 2)
300 2033 402 2064 Codex
412 2033 448 2072 R,
459 2042 550 2071 quem
564 2034 671 2063 tamen
686 2032 788 2063 nullus
805 2032 888 2071 quod
899 2033 993 2064 sciam
1006 2033 1105 2063 editor
1116 2034 1237 2064 secutus
1249 2036 1305 2071 est,
1317 2031 1430 2072 ἤκουσε
1443 2034 1580 2073 praebet

188 2087 191 2089 ’
248 2083 277 2120 3)
300 2081 360 2113 cfr.
378 2081 505 2121 Madvig
524 2085 542 2118 5
559 2085 615 2112 169
625 2081 657 2119 b,
677 2082 822 2112 Kuehner
842 2085 947 2121 5594,
960 2083 1018 2113 sb.
1053 2082 1193 2113 Cnvallin
1213 2082 1233 2112 1.
1250 2082 1270 2113 1.
1292 2093 1320 2121 p.
1338 2086 1385 2120 91,
1401 2085 1430 2113 2.
1466 2084 1508 2113 At
1527 2082 1584 2112 Ca.-

150 2129 248 2161 vallin
263 2131 416 2161 statuens:
434 2131 518 2169 ‘post
533 2128 574 2165 ὡς
589 2130 760 2160 infinitivus
775 2132 841 2160 tum
857 2131 1053 2169 potissimum
1069 2133 1234 2169 usurpatur
1249 2141 1342 2169 quum
1359 2132 1585 2161 enuntiationes

152 2179 301 2218 primaria.
316 2181 348 2211 et
363 2180 544 2212 secundaria
559 2179 646 2218 quasi
666 2179 698 2210 in
715 2188 810 2219 unum
827 2179 1063 2217 confunduntur,
1085 2180 1247 2220 praecipue
1262 2180 1325 2210 illis
1340 2179 1418 2211 locis
1433 2179 1487 2210 ubi
1502 2180 1584 2211 idem

152 2230 201 2259 est
225 2230 382 2268 utriusque
408 2230 579 2260 sententiae
600 2229 797 2266 subiectum’,
827 2229 907 2259 nihil
931 2230 1017 2260 dicit.
1059 2231 1138 2260 Nam
1163 2231 1295 2268 primum
1323 2230 1462 2268 saepius,
1488 2233 1523 2260 ut
1547 2240 1585 2260 ex

152 2278 301 2317 exemplis
328 2278 368 2308 ub
394 2287 430 2308 eo
456 2277 560 2309 allatis
586 2278 701 2316 elucet,
733 2278 906 2308 subiectum
937 2278 1098 2317 utriusque
1124 2278 1292 2309 sententiae
1322 2281 1370 2314 est
1400 2287 1461 2308 uon
1491 2277 1584 2320 idern.

152 2325 270 2359 Deinde
296 2337 333 2358 ex
359 2336 396 2358 eo
426 2327 508 2366 quod
532 2326 674 2366 plurimis
699 2328 837 2358 locorum
861 2327 916 2364 ubi
940 2327 1110 2359 infinitivus
1137 2327 1304 2365 invenitur,
1335 2329 1390 2357 aut
1417 2327 1511 2358 ‘idem
1537 2330 1586 2359 est

154 2377 325 2408 subiectum
341 2377 587 2408 enuntiationum
603 2376 768 2416 primariae
789 2378 823 2407 et
837 2377 1047 2408 secundarise’
1070 2378 1125 2407 aut
1146 2376 1474 2407 ‘subiectum‘alterius
1490 2386 1584 2407 enun-

152 2425 292 2456 tiationis
312 2426 344 2456 iu
364 2425 462 2456 altera.
477 2420 690 2457 enuntiatione
706 2425 860 2456 obiectum
877 2423 931 2455 *est
951 2428 1005 2455 aut
1026 2427 1056 2455 in
1076 2426 1221 2463 genetivo
1240 2425 1292 2455 vel
1313 2425 1418 2455 dativo
1435 2425 1582 2455 occurrit’

154 2474 279 2513 (quibus
299 2475 401 2506 verbis
418 2475 449 2505 C.
467 2477 577 2514 postea
598 2475 699 2514 ‘quasi
718 2475 751 2504 in
771 2484 866 2504 uuum
882 2465 1122 2507 confunduntui’
1145 2473 1270 2504 definire
1291 2473 1434 2512 videtur),
1455 2483 1524 2504 cum
1549 2483 1585 2505 eo

153 2522 234 2553 nihil
254 2523 399 2554 differant
418 2524 478 2554 loci
504 2525 556 2554 ubi
581 2524 751 2554 infinitivus
778 2524 942 2561 usurpatur
961 2522 1077 2553 arlocis
1097 2523 1150 2553 ubi
1175 2522 1254 2553 alius
1280 2523 1390 2553 modus
1410 2523 1587 2562 adhibetur,

153 2571 233 2601 nihil
249 2573 288 2602 ad
303 2572 450 2603 infinitivi
464 2582 552 2602 usum
569 2572 675 2611 colligi
684 2573 795 2611 potest.
827 2571 922 2601 Usum
937 2571 1081 2601 infinitivi
1096 2571 1181 2601 nulla
1197 2572 1265 2610 lege
1276 2571 1445 2610 constringi
1457 2572 1587 2609 apparet

155 2628 192 2650 ex
211 2620 250 2660 H,
268 2624 333 2660 121,
354 2620 408 2652 ubi
427 2621 520 2652 modo
541 2621 727 2653 indicativus
746 2621 839 2652 modo
860 2620 1029 2652 infinitivus
1050 2622 1221 2660 usurpatur.
1323 2622 1327 2632 ‘

1334 2674 1352 2699 4
