1771 2981
729 207 968 242 -41-

136 295 327 344 participio
353 295 549 341 exponitur,
573 307 646 330 non
665 307 730 341 pro
752 296 858 341 certo,
884 296 942 331 sed
962 297 1105 331 tantum
1132 308 1195 342 pro
1217 295 1394 331 sententia
1415 295 1470 330 vel
1490 294 1567 340 opi-

137 355 243 391 nione
269 353 433 400 alicuius,
462 353 666 400 plerumque
693 353 842 390 subiecti
867 353 1064 390 sententiae
1089 353 1292 401 primariae,
1322 352 1567 399 accipiendum

138 412 263 461 esse1).
314 412 417 448 Hanc
442 412 635 458 particulae
660 413 737 448 vim
759 425 801 449 ex
826 425 892 459 usu
917 414 954 449 in
981 412 1167 449 sententiis
1192 412 1443 459 comparativis
1463 411 1567 447 facile

137 474 254 509 ortam
279 483 357 507 esse
383 483 491 518 supra
517 469 566 518 (p.
587 470 650 518 35)
677 470 796 517 dixi2).

234 539 386 576 Causam
412 539 578 586 exprimit
602 540 829 586 participium
855 542 909 577 cui
935 539 985 583 ὥς
1009 541 1229 587 praefigitur.

238 609 268 643 1.
293 608 490 654 praesentis
517 608 553 655 a)
579 608 635 643 ad·
649 609 845 664 sententiae
875 609 1064 655 primariae
1094 620 1224 644 nomen
1255 609 1435 654 pertinens
1461 608 1489 652 Ι,
1512 609 1568 653 73,

138 668 196 713 84,
219 667 303 713 1713
327 666 373 712 ΙΙ,
397 667 463 702 121
477 669 502 713 ζ,
526 667 604 713 155,
622 668 691 704 174
711 666 784 715 (bis
799 688 844 693 —
862 667 972 703 semel
992 680 1072 703 cum
1092 668 1281 716 participio
1303 667 1451 713 perfecti
1471 668 1567 712 ἐκτη-

75 747 78 750 Ᾰ
138 725 280 772 μένοισι
315 725 349 759 vi
379 726 576 771 praesentis
609 729 781 772 usurpato
814 725 1045 773 copulatum).
1095 725 1159 772 ΙΙΙ,
1179 727 1236 770 27,
1257 726 1315 771 52,
1338 717 1409 761 136
1432 723 1569 766 αὐτοὺς

137 782 224 826 τοὺς
249 782 395 831 Πέρσας
425 780 517 832 εἶρξε
548 781 598 827 ὡς
624 782 876 827 κατασκόπους
906 784 1023 831 δῆθεν
1053 783 1187 828 ἐόντας.
1239 784 1418 821 Particula
1449 785 1569 833 δῆθεν

139 844 292 889 scriptor
316 843 450 879 indicat
474 843 602 879 Persas
627 856 665 879 re
691 856 773 879 vera
793 845 1034 889 speculatores
1055 857 1127 880 non
1147 834 1267 880 fuisse.
1319 844 1381 889 IV,
1401 845 1460 890 84,
1484 845 1569 889 1013

138 901 182 948 V,
202 902 260 948 24,
281 902 338 947 67,
360 902 416 947 78,
437 903 493 947 80,
515 902 577 948 853
603 901 666 948 VI,
686 903 719 948 2,
742 903 797 948 15,
817 902 874 948 52,
895 903 957 949 633
983 902 1061 944 VII,
1089 903 1130 937 17
1158 900 1223 950 (ὡς
1248 900 1293 948 δή
1321 904 1399 938 cum'
1425 902 1569 949 ironia),

139 961 197 1007 35,
217 961 275 1007 99,
299 961 377 1006 106,
397 962 479 1005 203,
499 952 581 1006 213,
601 962 687 1007 2235
709 961 806 1007 VIII,
827 962 859 1007 7,
881 962 965 1007 1203
985 960 1048 1006 IX,
1071 962 1125 1007 11,
1145 962 1202 1008 42,
1217 962 1275 1007 54,
1290 961 1348 1007 59,
1364 962 1421 1008 66,
1437 961 1483 996 99
1504 958 1570 1003 τὰς

140 1017 290 1061 διόδους
310 1017 374 1062 τὰς
394 1019 430 1061 ἐς
450 1017 514 1061 τὰς
533 1017 700 1065 κορυφὰς
718 1020 783 1064 τῆς
800 1017 979 1064 Μυκάλης
999 1019 1181 1065 φερούσας
1200 1017 1472 1066 προστάσσουσι
1492 1025 1570 1061 τοῖς

139 1080 354 1125 Μιλησίοισι
394 1076 598 1125 φυλάσσειν
634 1074 683 1121 ὥς
714 1077 981 1124 ἐπισταμένοισι
1011 1079 1128 1124 δῆθεν
1158 1076 1312 1124 μάλιστα
1342 1075 1410 1124 τὴν
1435 1075 1569 1124 χώρην.

138 1138 206 1174 Per
241 1138 453 1184 particulam
491 1139 609 1184 δῆθεν
644 1137 822 1184 significat
857 1134 1008 1184 scriptor
1043 1150 1186 1174 causam
1217 1151 1238 1174 a
1268 1137 1386 1173 Persis
1422 1138 1569 1173 allatam

138 1209 258 1232 veram
284 1209 426 1233 causam
451 1209 524 1232 non
549 1197 668 1232 fuisse.
719 1195 789 1231 cfr.
812 1196 1025 1231 sententiam
1046 1208 1135 1242 quae
1157 1196 1326 1242 sequitur:
1353 1196 1500 1232 ἐποίευν
1527 1194 1568 1231 δὲ

143 1253 276 1292 τούτου
302 1255 422 1291 εἵνεκα
446 1255 509 1291 ἵνα
535 1252 636 1297 ἐκτὸς
660 1259 727 1290 τοῦ
752 1253 1001 1304 στρατοπέδου
1027 1256 1122 1290 ἔωσι.

195 1320 198 1323 ’
239 1325 276 1371 b)
303 1325 339 1360 in
365 1325 529 1371 genetivo
556 1324 718 1359 absolute
744 1323 901 1374 positum
922 1324 949 1370 I,
972 1324 1028 1370 81,
1052 1325 1130 1370 124,
1152 1324 1221 1359 126
1247 1320 1313 1370 (ὥς
1333 1317 1386 1358 ὦν
1411 1321 1571 1369 ἐχόντων

141 1377 225 1429 ὦδε,
251 1383 410 1419 subiecto
436 1382 617 1430 omisso³),
642 1384 683 1418 ut
707 1383 814 1418 etiam
835 1382 898 1428 IV,
922 1383 1006 1428 1343
1031 1382 1130 1425 VIII,
1153 1380 1240 1430 144)
1259 1402 1299 1407 -
1317 1382 1382 1428 ΠΙ,
1404 1383 1450 1418 74
1475 1382 1571 1428 (par-
1631 1427 1633 1429 q

140 1442 251 1478 tioula
271 1442 390 1488 δῆθεν
411 1441 542 1492 addita,
563 1443 662 1477 cuius
683 1442 726 1477 de
747 1442 782 1477 vi
802 1442 882 1478 vide
904 1454 993 1487 quae
1016 1453 1122 1487 supra
1143 1441 1187 1476 ad
1205 1440 1269 1487 ΙΙΙ,
1288 1442 1356 1477 136
1378 1442 1433 1477 vel
1448 1440 1509 1484 IX,
1524 1441 1571 1476 99
1629 1473 1633 1476 .

141 1500 298 1548 scripsi);
324 1496 784 1548 IV‚11‚102‚134;VII‚
808 1501 886 1547 143,
910 1500 989 1546 145,
1010 1501 1091 1546 207,
1112 1501 1198 1547 224,
1223 1499 1322 1546 VIII,
1334 1501 1398 1547 69,
1413 1501 1470 1547 80,
1489 1500 1571 1545 144·

141 1560 335 1605 IX,4,29,
359 1560 450 1595 115.

185 1652 188 1654 -
238 1630 270 1664 2.
296 1629 451 1675 perfecti
468 1627 506 1676 a)
527 1628 585 1664 ad·
593 1628 788 1664 sententiae
810 1628 999 1675 primariae
1019 1640 1148 1664 nomen
1169 1628 1360 1673 pertinens.
1390 1627 1418 1674 I,
1437 1628 1494 1673 40,
1511 1627 1574 1672 823

144 1686 203 1731 VI,
223 1687 271 1738 §6
284 1700 322 1733 73
348 1687 449 1733 VIII,
467 1688 529 1732 403
554 1686 616 1729 IX,
639 1688 682 1723 11
700 1685 877 1733 (εἰδότες),
899 1688 954 1723 37.

239 1755 276 1798 b)
301 1755 339 1790 in
359 1755 526 1802 genetivo
548 1747 709 1791 absolute
731 1756 890 1803 positum
915 1755 944 1802 Ι,
966 1756 1049 1802 118;
1071 1755 1117 1800 ΙΙ,
1141 1755 1208 1791 133
1229 1755 1341 1790 ταῦτα
1364 1752 1573 1790 ἀκούσαντα

140 1812 206 1849 τὸν
233 1816 465 1862 Μυκερῖνον,
499 1811 548 1857 ὥς
576 1805 894 1863 κατακεκριμένων
924 1812 995 1861 ἤδη
1029 1813 1067 1850 οἰ
1089 1811 1247 1858 τούτων,
1277 1811 1393 1859 λύχνα
1423 1811 1573 1859 ποιησά-

142 1886 257 1919 μενον
282 1871 399 1909 πολλὰ
425 1902 434 1910 .
450 1864 457 1909 ζ
473 1902 481 1910 .
497 1902 505 1910 .
529 1875 661 1909 πίνειν.
715 1870 765 1916 ὡς
789 1874 865 1909 h..1.
892 1873 1093 1921 significare
1119 1885 1155 1908 re
1181 1884 1265 1908 vera
1289 1873 1341 1908 ita
1365 1884 1437 1908 non
1462 1872 1573 1908 fuisse

142 1932 246 1968 docet
269 1932 397 1968 Heikel
423 1931 462 1981 (L
482 1933 504 1969 1.
526 1946 559 1980 p.
581 1932 657 1981 80),
682 1933 761 1979 sed,
785 1935 888 1979 puto,
918 1933 1066 1980 iniuria3
1097 1944 1182 1968 nam
1207 1928 1256 1974 ὥς
1280 1931 1354 1977 hic,
1382 1934 1422 1967 ut
1447 1930 1574 1967 ceteris

143 2003 232 2037 quos
257 1992 295 2027 in
321 1992 388 2027 hoc
415 1992 531 2038 capite
556 1992 698 2038 profero
724 1991 823 2037 locis,
848 1991 939 2026 nihil
964 1992 1036 2027 nisi
1062 1991 1266 2038 opinionem
1287 1990 1377 2025 alius
1403 2002 1444 2025 ac
1465 1991 1575 2036 scrip-

142 2050 242 2095 toris,
266 2050 335 2085 hoc
355 2050 433 2085 loco
454 2049 635 2096 Mycerini,
660 2050 805 2095 indicat,
830 2061 939 2096 quam
961 2050 1165 2096 opinionem
1186 2051 1303 2084 utrum
1326 2048 1479 2093 scriptor
1499 2048 1575 2094 ipse

143 2119 264 2143 veram
289 2120 366 2144 esse
392 2110 495 2154 putet
514 2119 634 2155 necne,
659 2111 720 2145 aut
740 2120 783 2144 ex
804 2110 971 2144 contextu
992 2108 1230 2156 colligendum
1250 2110 1306 2143 est
1326 2109 1389 2142 aut
1408 2107 1576 2153 cognosci

243 2256 273 2293 1)
294 2253 353 2285 Cfr.
365 2254 491 2285 Kuhner
510 2256 605 2291 5488.
626 2253 753 2292 Madvig
768 2256 785 2290 5
798 2254 891 2284 175d.
913 2253 1063 2285 Goodwin
1083 2255 1103 2284 1.
1120 2254 1139 2284 l.
1156 2264 1186 2292 p.
1198 2256 1263 2290 219,
1284 2252 1402 2283 Note4.
1425 2252 1577 2284 Matthiae

142 2307 163 2339 5
180 2292 246 2334 568.
267 2303 426 2342 Thierseh,
447 2302 568 2334 Grieeh.
589 2302 724 2333 Graium.
746 2305 773 2332 4.
790 2303 868 2333 Aufl.
890 2303 1016 2342 Leipzig
1034 2306 1116 2333 1855.
1139 2305 1168 2337 5
1166 2305 1238 2340 22,3
1250 2305 1267 2331 6
1288 2302 1378 2331 Anm.
1394 2305 1421 2332 3.
1444 2301 1577 2339 Curtius,

146 2351 367 2391 Schulgramm.
388 2356 405 2389 5
421 2355 487 2383 588.

244 2403 274 2440 2)
296 2401 439 2432 Confer-as
459 2401 586 2432 Kiihner
610 2412 640 2440 p.
657 2405 731 2439 649,
758 2402 790 2431 et
814 2402 974 2439 praeterea
999 2402 1092 2431 verba.
1112 2399 1247 2430 Heikelii
1272 2400 1305 2437 (l.
1321 2399 1342 2429 l.
1358 2410 1388 2438 p.
1406 2401 1456 2437 2⁷)
1484 2400 1577 2430 haec·

147 2449 226 2480 ‘Hoc
247 2451 278 2488 (i.
295 2459 321 2481 e.
338 2450 542 2489 comparatio)
561 2449 694 2480 maxime
714 2450 751 2479 fit
770 2449 925 2488 particula
945 2448 995 2487 ὥς,
1016 2450 1101 2480 cuius
1117 2450 1186 2488 ipsa
1201 2448 1348 2487 primaria
1364 2449 1410 2479 vis
1432 2450 1480 2479 est
1495 2459 1576 2479 com-

144 2499 302 2537 parativa,
323 2509 413 2538 quam
435 2509 555 2538 semper
575 2500 692 2536 servat,
719 2499 813 2530 etiam
833 2499 874 2536 si,
895 2500 975 2536 quod
996 2499 1117 2537 saepius
1138 2499 1181 2536 fit,
1202 2497 1391 2537 participiis,
1412 2499 1444 2528 in
1465 2498 1578 2536 quibus

144 2546 192 2578 vis
213 2547 295 2578 inest
314 2548 446 2579 causalis
467 2549 522 2579 aut
540 2547 652 2586 finalis,
672 2548 860 2587 apponitur?

243 2598 274 2635 3)
294 2596 356 2627 cfr.
377 2597 503 2628 Kiihner
521 2606 592 2636 pag.
610 2600 676 2635 641,
692 2598 785 2627 Anm.
802 2600 829 2627 2.
860 2596 994 2636 Madvig,
1017 2600 1033 2634 5
1053 2600 1116 2634 181,
1138 2596 1228 2626 Anm.
1245 2600 1263 2626 4
1276 2605 1302 2625 e.
