1771 2981
752 185 994 224 ...20-

148 273 204 320 75,
226 273 284 320 89,
308 274 394 321 1303
419 273 482 321 IV,
505 274 585 321 103,
609 275 679 310 105
716 272 884 321 λέγονται
911 271 981 322 γὰρ
1011 273 1084 312 ὑπὸ
1112 277 1295 315 Σκυθέων
1325 277 1386 316 καὶ
1405 275 1591 324 Ἑλλήνων

147 333 223 368 τῶν
249 332 291 369 ἐν
315 334 359 381 τῇ
382 334 552 382 Σκυθικῇ
578 335 853 381 κατοικημένων
879 333 928 378 ὡς
947 349 978 371 κ.
995 349 1023 372 τ.
1040 339 1070 371 λ.
1118 337 1302 374 Sententia
1325 340 1485 375 subiecta.
1508 351 1591 374 eou-

148 392 305 428 formata
336 396 391 428 est
421 394 565 439 perinde
596 406 637 429 ac
669 395 699 429 si
734 395 952 430 constructio
984 396 1240 432 enuntiationis
1278 398 1468 442 primariae
1498 399 1591 432 esset

147 451 407 496 impersonalis.
460 451 532 487 Ofr.
560 452 605 497 II,
630 452 698 487 174
725 452 868 498 λέγεται
896 451 937 488 δὲ
958 449 978 488 ὁ
998 450 1159 498 Ἄμασις,
1185 453 1247 490 καὶ
1273 454 1333 490 ὅτε
1358 449 1406 501 ἦν
1433 454 1591 501 ἰδιώτης,

148 506 198 551 ὡς
223 523 254 544 κ.
275 522 304 545 τ.
325 513 356 545 λ.
384 530 429 534 —-
459 511 537 556 118,
561 511 640 554 137,
663 511 748 557 1453
776 510 819 557 V,
841 512 898 558 31,
919 512 976 556 82,
997 512 1086 558 9215,
1111 513 1205 558 1243·
1226 513 1288 560 VI,
1309 515 1342 560 3,
1363 514 1424 561 693
1457 513 1536 560 VII,
1557 514 1590 559 3,

148 569 287 614 6,16α,
308 570 391 615 203,
412 571 499 615 2203
520 570 619 615 vul,
641 571 673 614 8,
696 571 751 615 19,
772 571 830 615 26,
851 571 908 616 38,
925 572 982 617 74,
1003 571 1355 618 98,101,108,111,
1376 572 1590 620 11231X,2‚

148 627 205 674 38,
226 628 284 664 44.

246 686 369 731 λέγειν
395 685 480 722 τόδε
505 687 551 731 ΙΙ,
575 688 634 731 13;
660 687 725 732 ΙΙΙ,
748 688 828 722 108.

244 743 366 791 λέγειν
391 743 478 782 τάδε
504 745 566 792 IV,
587 745 649 792 683
676 745 718 792 V,
739 745 802 792 973
830 745 891 792 VI,
912 746 950 793 93
976 745 1057 792 VII,
1081 747 1164 794 1663
1191 746 1288 790 VIII,
1309 748 1366 784 94.

247 805 374 849 ἔλεγον
401 801 447 839 οὐ
472 802 581 839 πιστά
607 804 669 849 IV,
689 805 747 839 42.

246 863 346 908 ἔλεγε
371 859 483 897 ταύτὰ
509 860 553 897 τὰ
579 861 640 898 καὶ
667 862 707 898 ἐν
732 863 775 910 τῇ
803 860 956 910 Σπάρτῃ
984 863 1026 910 V,
1046 863 1104 899 97.

246 922 346 967 ἔλεγε
371 920 487 958 πολλὰ
514 921 574 958 καὶ
601 929 757 958 παντοῖα
783 922 846 967 ΙΧ,
866 923 922 958 90.

246 981 345 1025 ἔλεγε
372 978 484 1016 οὐδὲν
508 982 584 1016 τῶν
609 979 788 1026 πρότερον
814 981 1022 1026 λεχθέντων
1049 981 1147 1026 VIII,
1168 983 1256 1017 6οα.
1306 983 1385 1018 Hoc
1410 984 1487 1018 loco
1509 995 1585 1018 sen-

146 1039 259 1073 tentia.
295 1039 340 1073 ab
377 1036 427 1080 ὥς
461 1039 688 1084 proficiscens
726 1039 928 1085 genetivum
964 1043 1038 1075 τῶν
1073 1037 1253 1085 πρότερον
1288 1040 1495 1087 λεχθέντων
1531 1053 1587 1076 ex-

149 1097 281 1142 planat.

245 1157 372 1200 ἔλεγον
406 1153 520 1200 λόγον
547 1154 609 1200 (=
627 1155 778 1202 famam)
806 1155 890 1200 VII,
918 1156 997 1192 197.
1047 1155 1136 1191 Vooi
1169 1154 1283 1202 λόγον
1316 1158 1508 1203 apponitur
1541 1156 1585 1193 τὰ

145 1212 228 1260 περὶ
253 1211 295 1249 τὸ
323 1211 406 1260 ἱρὸν
432 1215 499 1249 τοῦ
526 1215 746 1259 Λαφυστίου
773 1212 883 1258 Διός,
914 1215 1007 1261 quod
1033 1226 1096 1260 per
1121 1215 1333 1250 sententiam
1360 1216 1405 1251 ab
1432 1213 1481 1257 ὡς
1507 1228 1585 1262 pro-

147 1273 366 1308 ficiscentem
392 1273 536 1319 planius
563 1273 771 1318 explicatur.

246 1329 313 1367 τὸν
339 1329 453 1377 λόγον
481 1329 526 1366 οὐ
552 1331 646 1376 λέγω
673 1330 735 1376 IV,
760 1332 818 1367 36.
862 1366 864 1369 ⁴
910 1326 911 1329 ¹

243 1390 412 1435 λέγοντες
436 1388 503 1426 τὸν
529 1387 784 1436 ἀληθέστατον
810 1391 886 1425 τῶν
915 1388 1038 1435 λόγων
1067 1390 1144 1436 VII,
1170 1392 1252 1427 233.

247 1449 396 1494 λέγουσι
421 1447 533 1484 τόνδε
558 1446 625 1484 τὸν
650 1446 765 1494 λόγον
792 1448 840 1495 ΙΙ,
867 1450 946 1484 131.

245 1508 360 1551 λέξων
385 1505 519 1543 τούσδε
544 1504 631 1548 τοὺς
656 1505 791 1553 λόγους
817 1507 897 1553 VII,
927 1508 1005 1543 102.

243 1567 357 1602 ταῦτα
382 1565 523 1612 λέγεται
550 1565 631 1611 VII,
659 1566 738 1602 152.

243 1615 330 1661 viia.
356 1625 497 1670 λέγεται
524 1624 552 1670 1,
581 1625 666 1671 1403
691 1624 775 1671 Vn,
802 1625 887 1670 165;
915 1624 1013 1670 vm,
1040 1625 1105 1672 843
1130 1625 1190 1671 ΙΧ,
1217 1627 1273 1661 82.

242 1683 383 1729 λέγεται
409 1682 518 1729 λόγος
544 1683 623 1728 VII,
660 1684 739 1719 189.

236 1742 384 1787 ,λέγεται
412 1740 453 1777 δὲ
477 1740 538 1777 καὶ
566 1739 629 1776 ὅδε
656 1738 676 1776 ὁ
703 1739 814 1786 λόγος
839 1741 904 1787 ΙΠ,
930 1742 962 1776 3.

244 1802 318 1836 ἔστι
345 1798 410 1836 ὅδε
435 1798 545 1846 λόγος
571 1797 770 1845 λεγόμενος
795 1799 874 1845 VH,
902 1800 982 1835 167.

243 1861 317 1895 ἔστι
344 1857 454 1902 ἄλλος
479 1857 589 1905 λόγος
615 1856 814 1904 λεγόμενος
840 1858 923 1904 VII,
952 1859 1031 1894 150.

243 1920 317 1954 ἔστι
344 1916 384 1954 δὲ
409 1917 470 1954 καὶ
496 1915 608 1960 ἄλλος
633 1914 698 1953 ὅδε
724 1915 835 1963 λόγος
859 1915 1058 1963 λεγόμενος
1084 1917 1182 1962 VIII,
1214 1920 1292 1954 118.

243 1979 317 2012 ἔστι
344 1976 385 2013 δὲ
411 1977 533 2024 ἕτερος
558 1975 756 2022 λεγόμενος
781 1974 892 2022 λόγος
917 1976 998 2022 VII,
1024 1978 1105 2013 214.

219 2032 221 2034 ¹
242 2033 261 2071 ὃ
289 2034 322 2071 δ’
352 2036 473 2083 ἕτερος
497 2036 573 2071 τῶν
599 2033 723 2080 λόγων
749 2034 891 2080 λέγεται
917 2034 978 2081 ΙΧ,
1006 2036 1062 2071 74.

243 2095 366 2138 δίξους
391 2093 526 2141 λόγους
551 2094 777 2140 λεγομένους
803 2095 887 2140 ἔχει,
912 2091 978 2129 τὸν
1005 2093 1072 2140 μὲν
1099 2094 1161 2140 ΙΧ,
1188 2095 1243 2129 74.

241 2151 421 2199 ἀντιλέγω
447 2153 547 2198 VIII,
574 2154 631 2188 77.

242 2211 393 2257 ἐπιλέγω
418 2211 464 2258 ΙΙ,
490 2212 552 2258 35;
579 2211 642 2257 IV,
669 2211 725 2246 65.

240 2268 350 2306 τόνδε
375 2268 440 2307 τὸν
466 2269 581 2316 λόγον
608 2270 760 2315 ἐπιλέγω
787 2269 832 2316 ΙΙ,
862 2269 945 2316 156;
971 2269 1050 2315 VH,
1079 2270 1164 2316 1473
1189 2269 1289 2315 VIII,
1314 2270 1372 2305 49.

240 2327 407 2374 προλέγω
433 2329 495 2376 IV,
524 2329 605 2365 125.

239 2384 285 2423 τὰ
308 2388 579 2435 προλελεγμένα
600 2387 663 2432 VI,
687 2388 765 2424 122.
812 2387 881 2424 Hie
901 2388 1048 2424 verbum
1070 2387 1327 2423 enuntiationis
1349 2389 1576 2426 secundariae

91 2486 97 2492 ⁶
142 2448 318 2483 omissum
344 2449 413 2493 θεὲ,
440 2448 644 2486 sedtotum
670 2449 787 2493 caput,
812 2458 892 2482 oum
918 2447 956 2482 in
981 2446 1161 2482 codicibus
1183 2446 1274 2481 desit
1294 2446 1512 2493 melioribus,
1537 2450 1578 2483 ut

141 2504 306 2552 ABCd,
340 2517 554 2552 quamquam
591 2506 626 2541 in
657 2505 721 2540 Bd
753 2505 790 2540 id
822 2506 858 2540 in
890 2505 1050 2551 margine
1082 2504 1217 2540 addidit
1251 2517 1379 2547 manus
1415 2506 1577 2552 secunda,

140 2565 294 2600 fortasse
320 2576 401 2600 cum
423 2564 680 2600 Valckenaerio
702 2564 851 2610 aliisque
874 2564 906 2598 in
930 2563 1271 2610 interpolationibus
1293 2565 1348 2599 est
1368 2560 1575 2600 ducendum.
