<?xml version="1.0" encoding="UTF-8"?>
<!DOCTYPE html PUBLIC "-//W3C//DTD XHTML 1.0 Transitional//EN"
    "http://www.w3.org/TR/xhtml1/DTD/xhtml1-transitional.dtd">
<html xmlns="http://www.w3.org/1999/xhtml" xml:lang="en" lang="en">
 <head>
  <title>
</title>
<meta http-equiv="Content-Type" content="text/html;charset=utf-8" />
  <meta name='ocr-system' content='tesseract 3.04.00' />
  <meta name='ocr-capabilities' content='ocr_page ocr_carea ocr_par ocr_line ocrx_word'/>
</head>
<body>
  <div class='ocr_page' id='page_1' title='image "4737368_0013.png"; bbox 0 0 1771 2981; ppageno 0'>
   <div class='ocr_carea' id='block_1_1' title="bbox 146 860 1581 1611">
    <p class='ocr_par' dir='ltr' id='par_1_1' title="bbox 146 860 1581 1611">
     <span class='ocr_line' id='line_1_1' title="bbox 247 860 1581 909; baseline 0.003 -14"><span class='ocrx_word' id='word_1_1' title='bbox 247 860 415 896; x_wconf 90' lang='lat' dir='ltr'>Omnium</span> <span class='ocrx_word' id='word_1_2' title='bbox 450 861 705 907; x_wconf 79' lang='lat' dir='ltr'><strong>particularum</strong></span> <span class='ocrx_word' id='word_1_3' title='bbox 741 862 954 899; x_wconf 86' lang='lat' dir='ltr'><strong>Graecarum</strong></span> <span class='ocrx_word' id='word_1_4' title='bbox 994 864 1093 899; x_wconf 87' lang='lat' dir='ltr'><strong>nulla</strong></span> <span class='ocrx_word' id='word_1_5' title='bbox 1137 866 1213 899; x_wconf 87' lang='lat' dir='ltr'><strong>tam</strong></span> <span class='ocrx_word' id='word_1_6' title='bbox 1248 864 1345 899; x_wconf 86' lang='lat' dir='ltr'><strong>varie</strong></span> <span class='ocrx_word' id='word_1_7' title='bbox 1386 865 1581 909; x_wconf 76' lang='lat' dir='ltr'><strong>usurpatur</strong></span> 
     </span>
     <span class='ocr_line' id='line_1_2' title="bbox 150 917 1580 969; baseline 0.001 -13"><span class='ocrx_word' id='word_1_8' title='bbox 150 933 257 968; x_wconf 81' lang='lat' dir='ltr'><strong>quam</strong></span> <span class='ocrx_word' id='word_1_9' title='bbox 289 917 354 966; x_wconf 76' lang='grc' dir='ltr'><strong>ὥς,</strong></span> <span class='ocrx_word' id='word_1_10' title='bbox 392 932 500 966; x_wconf 86' lang='lat' dir='ltr'><strong>quare</strong></span> <span class='ocrx_word' id='word_1_11' title='bbox 530 921 628 956; x_wconf 85' lang='lat' dir='ltr'><strong>nulla</strong></span> <span class='ocrx_word' id='word_1_12' title='bbox 658 923 712 957; x_wconf 89' lang='lat' dir='ltr'><strong>est</strong></span> <span class='ocrx_word' id='word_1_13' title='bbox 741 922 839 957; x_wconf 89' lang='lat' dir='ltr'><strong>cuius</strong></span> <span class='ocrx_word' id='word_1_14' title='bbox 875 935 959 957; x_wconf 87' lang='lat' dir='ltr'><strong>usus</strong></span> <span class='ocrx_word' id='word_1_15' title='bbox 989 922 1131 969; x_wconf 86' lang='lat' dir='ltr'>dignior</span> <span class='ocrx_word' id='word_1_16' title='bbox 1162 922 1209 958; x_wconf 86' lang='lat' dir='ltr'><strong>sit</strong></span> <span class='ocrx_word' id='word_1_17' title='bbox 1238 923 1299 969; x_wconf 88' lang='lat' dir='ltr'><strong>qui</strong></span> <span class='ocrx_word' id='word_1_18' title='bbox 1334 922 1580 969; x_wconf 75' lang='lat' dir='ltr'><strong>investigetur.</strong></span> 
     </span>
     <span class='ocr_line' id='line_1_3' title="bbox 150 979 1579 1027; baseline 0 -12"><span class='ocrx_word' id='word_1_19' title='bbox 150 979 276 1025; x_wconf 87' lang='lat' dir='ltr'><strong>Itaque</strong></span> <span class='ocrx_word' id='word_1_20' title='bbox 306 990 522 1025; x_wconf 86' lang='lat' dir='ltr'><strong>quamquam</strong></span> <span class='ocrx_word' id='word_1_21' title='bbox 548 979 616 1014; x_wconf 87' lang='lat' dir='ltr'><strong>viri</strong></span> <span class='ocrx_word' id='word_1_22' title='bbox 637 979 732 1015; x_wconf 86' lang='lat' dir='ltr'><strong>docti</strong></span> <span class='ocrx_word' id='word_1_23' title='bbox 757 980 798 1015; x_wconf 92' lang='lat' dir='ltr'><strong>de</strong></span> <span class='ocrx_word' id='word_1_24' title='bbox 824 979 872 1022; x_wconf 75' lang='grc' dir='ltr'><strong>ὥς</strong></span> <span class='ocrx_word' id='word_1_25' title='bbox 896 980 1071 1026; x_wconf 81' lang='lat' dir='ltr'><strong>particula</strong></span> <span class='ocrx_word' id='word_1_26' title='bbox 1091 981 1161 1015; x_wconf 87' lang='lat' dir='ltr'><strong>iam</strong></span> <span class='ocrx_word' id='word_1_27' title='bbox 1183 992 1289 1027; x_wconf 82' lang='lat' dir='ltr'><strong>saepe</strong></span> <span class='ocrx_word' id='word_1_28' title='bbox 1311 980 1579 1027; x_wconf 81' lang='lat' dir='ltr'><strong>scripserunt1),</strong></span> 
     </span>
     <span class='ocr_line' id='line_1_4' title="bbox 150 1038 1578 1086; baseline 0.001 -14"><span class='ocrx_word' id='word_1_29' title='bbox 150 1038 238 1073; x_wconf 91' lang='lat' dir='ltr'><strong>mihi</strong></span> <span class='ocrx_word' id='word_1_30' title='bbox 273 1039 394 1073; x_wconf 86' lang='lat' dir='ltr'><strong>tamen</strong></span> <span class='ocrx_word' id='word_1_31' title='bbox 425 1038 539 1073; x_wconf 87' lang='lat' dir='ltr'><strong>visum</strong></span> <span class='ocrx_word' id='word_1_32' title='bbox 576 1039 631 1073; x_wconf 84' lang='lat' dir='ltr'><strong>est</strong></span> <span class='ocrx_word' id='word_1_33' title='bbox 666 1050 792 1084; x_wconf 80' lang='lat' dir='ltr'><strong>operae</strong></span> <span class='ocrx_word' id='word_1_34' title='bbox 827 1040 981 1085; x_wconf 83' lang='lat' dir='ltr'><strong>pretium</strong></span> <span class='ocrx_word' id='word_1_35' title='bbox 1018 1040 1137 1075; x_wconf 89' lang='lat' dir='ltr'><strong>omnia</strong></span> <span class='ocrx_word' id='word_1_36' title='bbox 1173 1039 1248 1074; x_wconf 89' lang='lat' dir='ltr'><strong>eius</strong></span> <span class='ocrx_word' id='word_1_37' title='bbox 1285 1039 1460 1086; x_wconf 20' lang='lat' dir='ltr'><strong>exempla,</strong></span> <span class='ocrx_word' id='word_1_38' title='bbox 1484 1039 1578 1085; x_wconf 84' lang='lat' dir='ltr'><strong>apud</strong></span> 
     </span>
     <span class='ocr_line' id='line_1_5' title="bbox 149 1096 1578 1144; baseline 0.001 -13"><span class='ocrx_word' id='word_1_39' title='bbox 149 1096 383 1142; x_wconf 85' lang='lat' dir='ltr'><strong>Herodotum,</strong></span> <span class='ocrx_word' id='word_1_40' title='bbox 408 1096 467 1142; x_wconf 88' lang='lat' dir='ltr'><strong>qui</strong></span> <span class='ocrx_word' id='word_1_41' title='bbox 494 1108 535 1131; x_wconf 91' lang='lat' dir='ltr'><strong>eo</strong></span> <span class='ocrx_word' id='word_1_42' title='bbox 561 1096 882 1144; x_wconf 82' lang='lat' dir='ltr'><strong>frequentissime²)</strong></span> <span class='ocrx_word' id='word_1_43' title='bbox 908 1096 1029 1143; x_wconf 84' lang='lat' dir='ltr'><strong>utitur,</strong></span> <span class='ocrx_word' id='word_1_44' title='bbox 1055 1098 1223 1144; x_wconf 86' lang='lat' dir='ltr'><strong>colligere</strong></span> <span class='ocrx_word' id='word_1_45' title='bbox 1233 1099 1352 1143; x_wconf 84' lang='lat' dir='ltr'><strong>·atque</strong></span> <span class='ocrx_word' id='word_1_46' title='bbox 1372 1097 1415 1132; x_wconf 91' lang='lat' dir='ltr'><strong>de</strong></span> <span class='ocrx_word' id='word_1_47' title='bbox 1435 1097 1481 1133; x_wconf 89' lang='lat' dir='ltr'><strong>iis</strong></span> <span class='ocrx_word' id='word_1_48' title='bbox 1507 1097 1578 1132; x_wconf 88' lang='lat' dir='ltr'><strong>dis-</strong></span> 
     </span>
     <span class='ocr_line' id='line_1_6' title="bbox 148 1151 1575 1202; baseline 0.001 -13"><span class='ocrx_word' id='word_1_49' title='bbox 148 1166 273 1190; x_wconf 83' lang='lat' dir='ltr'><strong>serere.</strong></span> <span class='ocrx_word' id='word_1_50' title='bbox 320 1153 579 1190; x_wconf 76' lang='lat' dir='ltr'><strong>Grammaticos</strong></span> <span class='ocrx_word' id='word_1_51' title='bbox 601 1151 780 1201; x_wconf 69' lang='lat' dir='ltr'><strong>quosdam‘</strong></span> <span class='ocrx_word' id='word_1_52' title='bbox 800 1154 1008 1202; x_wconf 64' lang='lat' dir='ltr'><strong>duplicemss)</strong></span> <span class='ocrx_word' id='word_1_53' title='bbox 1036 1156 1091 1190; x_wconf 86' lang='lat' dir='ltr'><strong>vel</strong></span> <span class='ocrx_word' id='word_1_54' title='bbox 1117 1155 1228 1190; x_wconf 87' lang='lat' dir='ltr'><strong>etiam</strong></span> <span class='ocrx_word' id='word_1_55' title='bbox 1253 1153 1469 1202; x_wconf 83' lang='lat' dir='ltr'><strong>triplicem⁴)</strong></span> <span class='ocrx_word' id='word_1_56' title='bbox 1495 1168 1575 1201; x_wconf 84' lang='lat' dir='ltr'><strong>par-</strong></span> 
     </span>
     <span class='ocr_line' id='line_1_7' title="bbox 147 1210 1578 1259; baseline 0.001 -11"><span class='ocrx_word' id='word_1_57' title='bbox 147 1213 293 1249; x_wconf 83' lang='lat' dir='ltr'><strong>ticulam</strong></span> <span class='ocrx_word' id='word_1_58' title='bbox 319 1210 369 1255; x_wconf 77' lang='grc' dir='ltr'><strong>ὦς</strong></span> <span class='ocrx_word' id='word_1_59' title='bbox 393 1225 524 1259; x_wconf 88' lang='lat' dir='ltr'><strong>ponere</strong></span> <span class='ocrx_word' id='word_1_60' title='bbox 550 1225 623 1248; x_wconf 90' lang='lat' dir='ltr'><strong>non</strong></span> <span class='ocrx_word' id='word_1_61' title='bbox 649 1213 787 1259; x_wconf 87' lang='lat' dir='ltr'><strong>ignoro,</strong></span> <span class='ocrx_word' id='word_1_62' title='bbox 814 1225 933 1248; x_wconf 86' lang='lat' dir='ltr'><strong>verum</strong></span> <span class='ocrx_word' id='word_1_63' title='bbox 954 1214 1207 1259; x_wconf 42' lang='lat' dir='ltr'><strong>quaestionem*</strong></span> <span class='ocrx_word' id='word_1_64' title='bbox 1223 1216 1344 1249; x_wconf 87' lang='lat' dir='ltr'><strong>tamen</strong></span> <span class='ocrx_word' id='word_1_65' title='bbox 1365 1216 1484 1248; x_wconf 83' lang='lat' dir='ltr'><strong>utrum</strong></span> <span class='ocrx_word' id='word_1_66' title='bbox 1510 1214 1578 1249; x_wconf 91' lang='lat' dir='ltr'><strong>hoc</strong></span> 
     </span>
     <span class='ocr_line' id='line_1_8' title="bbox 148 1270 1576 1319; baseline 0 -11"><span class='ocrx_word' id='word_1_67' title='bbox 148 1272 225 1308; x_wconf 89' lang='lat' dir='ltr'><strong>iure</strong></span> <span class='ocrx_word' id='word_1_68' title='bbox 250 1272 387 1308; x_wconf 84' lang='lat' dir='ltr'><strong>faciant</strong></span> <span class='ocrx_word' id='word_1_69' title='bbox 412 1270 559 1318; x_wconf 77' lang='lat' dir='ltr'><strong>necne5)</strong></span> <span class='ocrx_word' id='word_1_70' title='bbox 585 1271 772 1308; x_wconf 84' lang='lat' dir='ltr'><strong>instituere</strong></span> <span class='ocrx_word' id='word_1_71' title='bbox 797 1272 889 1308; x_wconf 90' lang='lat' dir='ltr'><strong>nolo.</strong></span> <span class='ocrx_word' id='word_1_72' title='bbox 928 1272 1028 1309; x_wconf 89' lang='lat' dir='ltr'><strong>Nihil</strong></span> <span class='ocrx_word' id='word_1_73' title='bbox 1049 1272 1144 1308; x_wconf 88' lang='lat' dir='ltr'><strong>aliud</strong></span> <span class='ocrx_word' id='word_1_74' title='bbox 1165 1272 1254 1307; x_wconf 91' lang='lat' dir='ltr'><strong>mihi</strong></span> <span class='ocrx_word' id='word_1_75' title='bbox 1273 1272 1444 1319; x_wconf 89' lang='lat' dir='ltr'><strong>proposui</strong></span> <span class='ocrx_word' id='word_1_76' title='bbox 1469 1284 1576 1319; x_wconf 83' lang='lat' dir='ltr'><strong>quam</strong></span> 
     </span>
     <span class='ocr_line' id='line_1_9' title="bbox 146 1331 1577 1378; baseline -0.001 -11"><span class='ocrx_word' id='word_1_77' title='bbox 146 1333 187 1367; x_wconf 90' lang='lat' dir='ltr'><strong>ut</strong></span> <span class='ocrx_word' id='word_1_78' title='bbox 217 1331 259 1367; x_wconf 89' lang='lat' dir='ltr'><strong>de</strong></span> <span class='ocrx_word' id='word_1_79' title='bbox 289 1331 395 1367; x_wconf 88' lang='lat' dir='ltr'><strong>huius</strong></span> <span class='ocrx_word' id='word_1_80' title='bbox 427 1331 622 1377; x_wconf 76' lang='lat' dir='ltr'><strong>particulae</strong></span> <span class='ocrx_word' id='word_1_81' title='bbox 654 1343 720 1367; x_wconf 86' lang='lat' dir='ltr'><strong>usu</strong></span> <span class='ocrx_word' id='word_1_82' title='bbox 750 1331 949 1367; x_wconf 84' lang='lat' dir='ltr'><strong>Herodoteo</strong></span> <span class='ocrx_word' id='word_1_83' title='bbox 980 1331 1175 1378; x_wconf 84' lang='lat' dir='ltr'><strong>disputem,</strong></span> <span class='ocrx_word' id='word_1_84' title='bbox 1207 1333 1243 1366; x_wconf 90' lang='lat' dir='ltr'><strong>et</strong></span> <span class='ocrx_word' id='word_1_85' title='bbox 1272 1331 1357 1372; x_wconf 86' lang='lat' dir='ltr'><strong>licet</strong></span> <span class='ocrx_word' id='word_1_86' title='bbox 1388 1331 1465 1367; x_wconf 89' lang='lat' dir='ltr'><strong>eius</strong></span> <span class='ocrx_word' id='word_1_87' title='bbox 1490 1332 1577 1367; x_wconf 82' lang='lat' dir='ltr'><strong>usus</strong></span> 
     </span>
     <span class='ocr_line' id='line_1_10' title="bbox 147 1376 1576 1436; baseline -0.001 -11"><span class='ocrx_word' id='word_1_88' title='bbox 147 1390 239 1436; x_wconf 83' lang='lat' dir='ltr'><strong>apud</strong></span> <span class='ocrx_word' id='word_1_89' title='bbox 266 1390 361 1425; x_wconf 91' lang='lat' dir='ltr'><strong>hunc</strong></span> <span class='ocrx_word' id='word_1_90' title='bbox 387 1376 594 1436; x_wconf 37' lang='lat' dir='ltr'><strong>scripfforem</strong></span> <span class='ocrx_word' id='word_1_91' title='bbox 620 1389 709 1425; x_wconf 86' lang='lat' dir='ltr'><strong>varii</strong></span> <span class='ocrx_word' id='word_1_92' title='bbox 735 1390 820 1435; x_wconf 85' lang='lat' dir='ltr'><strong>sint,</strong></span> <span class='ocrx_word' id='word_1_93' title='bbox 849 1390 874 1424; x_wconf 92' lang='lat' dir='ltr'><strong>ii</strong></span> <span class='ocrx_word' id='word_1_94' title='bbox 900 1402 1037 1435; x_wconf 85' lang='lat' dir='ltr'><strong>omnes,</strong></span> <span class='ocrx_word' id='word_1_95' title='bbox 1067 1392 1108 1424; x_wconf 87' lang='lat' dir='ltr'><strong>ut</strong></span> <span class='ocrx_word' id='word_1_96' title='bbox 1141 1380 1384 1425; x_wconf 84' lang='lat' dir='ltr'><strong>demonstrare</strong></span> <span class='ocrx_word' id='word_1_97' title='bbox 1410 1391 1576 1434; x_wconf 85' lang='lat' dir='ltr'><strong>conabor,</strong></span> 
     </span>
     <span class='ocr_line' id='line_1_11' title="bbox 148 1446 1576 1496; baseline 0 -13"><span class='ocrx_word' id='word_1_98' title='bbox 148 1460 190 1483; x_wconf 89' lang='lat' dir='ltr'><strong>ex</strong></span> <span class='ocrx_word' id='word_1_99' title='bbox 216 1448 627 1495; x_wconf 83' lang='lat' dir='ltr'><strong>ablativo-pronominis</strong></span> <span class='ocrx_word' id='word_1_100' title='bbox 648 1446 703 1494; x_wconf 82' lang='grc' dir='ltr'><strong>ὅς,</strong></span> <span class='ocrx_word' id='word_1_101' title='bbox 733 1449 827 1495; x_wconf 91' lang='lat' dir='ltr'><strong>quod</strong></span> <span class='ocrx_word' id='word_1_102' title='bbox 858 1448 945 1483; x_wconf 89' lang='lat' dir='ltr'><strong>mihi</strong></span> <span class='ocrx_word' id='word_1_103' title='bbox 978 1447 1119 1494; x_wconf 89' lang='lat' dir='ltr'><strong>quidem</strong></span> <span class='ocrx_word' id='word_1_104' title='bbox 1153 1448 1320 1494; x_wconf 85' lang='lat' dir='ltr'><strong>probavit</strong></span> <span class='ocrx_word' id='word_1_105' title='bbox 1352 1447 1576 1496; x_wconf 64' lang='lat' dir='ltr'><strong>Windische)</strong></span> 
     </span>
     <span class='ocr_line' id='line_1_12' title="bbox 147 1502 1577 1556; baseline 0 -14"><span class='ocrx_word' id='word_1_106' title='bbox 147 1507 323 1552; x_wconf 87' lang='lat' dir='ltr'><strong>principio</strong></span> <span class='ocrx_word' id='word_1_107' title='bbox 353 1517 550 1553; x_wconf 87' lang='lat' dir='ltr'><strong>pronomen</strong></span> <span class='ocrx_word' id='word_1_108' title='bbox 581 1502 895 1556; x_wconf 80' lang='lat' dir='ltr'><strong>demonstrativum</strong></span> <span class='ocrx_word' id='word_1_109' title='bbox 927 1506 1051 1549; x_wconf 85' lang='lat' dir='ltr'><strong>fuisse,</strong></span> <span class='ocrx_word' id='word_1_110' title='bbox 1083 1507 1186 1541; x_wconf 87' lang='lat' dir='ltr'><strong>facile</strong></span> <span class='ocrx_word' id='word_1_111' title='bbox 1218 1507 1389 1552; x_wconf 85' lang='lat' dir='ltr'><strong>explicari</strong></span> <span class='ocrx_word' id='word_1_112' title='bbox 1415 1509 1577 1552; x_wconf 78' lang='lat' dir='ltr'><strong>possunt.</strong></span> 
     </span>
     <span class='ocr_line' id='line_1_13' title="bbox 148 1560 1576 1611; baseline 0 -11"><span class='ocrx_word' id='word_1_113' title='bbox 148 1564 324 1607; x_wconf 83' lang='lat' dir='ltr'><strong>Quoniam</strong></span> <span class='ocrx_word' id='word_1_114' title='bbox 355 1562 404 1607; x_wconf 77' lang='grc' dir='ltr'><strong>ὡς</strong></span> <span class='ocrx_word' id='word_1_115' title='bbox 434 1577 505 1601; x_wconf 93' lang='lat' dir='ltr'><strong>non</strong></span> <span class='ocrx_word' id='word_1_116' title='bbox 537 1577 617 1600; x_wconf 84' lang='lat' dir='ltr'><strong>raro</strong></span> <span class='ocrx_word' id='word_1_117' title='bbox 649 1565 742 1611; x_wconf 84' lang='lat' dir='ltr'><strong>apud</strong></span> <span class='ocrx_word' id='word_1_118' title='bbox 773 1564 993 1600; x_wconf 87' lang='lat' dir='ltr'><strong>Herodotum</strong></span> <span class='ocrx_word' id='word_1_119' title='bbox 1025 1576 1129 1600; x_wconf 87' lang='lat' dir='ltr'><strong>sensu</strong></span> <span class='ocrx_word' id='word_1_120' title='bbox 1163 1560 1443 1607; x_wconf 59' lang='lat' dir='ltr'><strong>demonstrativo</strong></span> <span class='ocrx_word' id='word_1_121' title='bbox 1476 1576 1576 1600; x_wconf 91' lang='lat' dir='ltr'><strong>usur-</strong></span> 
     </span>
    </p>
   </div>
   <div class='ocr_carea' id='block_1_2' title="bbox 147 1634 245 1638">
    <p class='ocr_par' dir='ltr' id='par_1_2' title="bbox 147 1634 245 1638">
     <span class='ocr_line' id='line_1_14' title="bbox 147 1634 245 1638; baseline 0 0"><span class='ocrx_word' id='word_1_122' title='bbox 147 1634 245 1638; x_wconf 95' lang='lat' dir='ltr'><strong> </strong></span> 
     </span>
    </p>
   </div>
   <div class='ocr_carea' id='block_1_3' title="bbox 107 1667 1578 2640">
    <p class='ocr_par' dir='ltr' id='par_1_3' title="bbox 107 1667 1578 2151">
     <span class='ocr_line' id='line_1_15' title="bbox 247 1667 1576 1707; baseline -0.001 -7"><span class='ocrx_word' id='word_1_123' title='bbox 247 1672 274 1707; x_wconf 93' lang='lat'><strong>1)</strong></span> <span class='ocrx_word' id='word_1_124' title='bbox 296 1670 369 1700; x_wconf 86' lang='lat' dir='ltr'><strong>Vidi</strong></span> <span class='ocrx_word' id='word_1_125' title='bbox 384 1670 507 1700; x_wconf 88' lang='lat' dir='ltr'><strong>libellos</strong></span> <span class='ocrx_word' id='word_1_126' title='bbox 523 1671 592 1700; x_wconf 87' lang='lat' dir='ltr'><strong>hos:</strong></span> <span class='ocrx_word' id='word_1_127' title='bbox 608 1670 646 1699; x_wconf 90' lang='lat' dir='ltr'><strong>H.</strong></span> <span class='ocrx_word' id='word_1_128' title='bbox 658 1669 760 1707; x_wconf 76' lang='lat' dir='ltr'><strong>Graes,</strong></span> <span class='ocrx_word' id='word_1_129' title='bbox 772 1669 817 1699; x_wconf 92' lang='lat' dir='ltr'><strong>De</strong></span> <span class='ocrx_word' id='word_1_130' title='bbox 833 1669 1054 1699; x_wconf 80' lang='lat' dir='ltr'><strong>coniunctionis</strong></span> <span class='ocrx_word' id='word_1_131' title='bbox 1070 1667 1111 1703; x_wconf 80' lang='grc' dir='ltr'><strong>ὦς</strong></span> <span class='ocrx_word' id='word_1_132' title='bbox 1127 1669 1245 1707; x_wconf 87' lang='lat' dir='ltr'><strong>origine</strong></span> <span class='ocrx_word' id='word_1_133' title='bbox 1260 1671 1294 1699; x_wconf 89' lang='lat' dir='ltr'><strong>et</strong></span> <span class='ocrx_word' id='word_1_134' title='bbox 1308 1679 1374 1699; x_wconf 75' lang='lat' dir='ltr'><strong>usu.</strong></span> <span class='ocrx_word' id='word_1_135' title='bbox 1397 1670 1576 1707; x_wconf 77' lang='lat' dir='ltr'><strong>programm</strong></span> 
     </span>
     <span class='ocr_line' id='line_1_16' title="bbox 146 1716 1577 1758; baseline -0.001 -9"><span class='ocrx_word' id='word_1_136' title='bbox 146 1719 199 1749; x_wconf 89' lang='lat' dir='ltr'><strong>des</strong></span> <span class='ocrx_word' id='word_1_137' title='bbox 225 1718 441 1758; x_wconf 81' lang='lat' dir='ltr'><strong>Gymnasiums</strong></span> <span class='ocrx_word' id='word_1_138' title='bbox 471 1729 508 1748; x_wconf 84' lang='lat' dir='ltr'><strong>zu</strong></span> <span class='ocrx_word' id='word_1_139' title='bbox 540 1718 652 1749; x_wconf 84' lang='lat' dir='ltr'><strong>Memel</strong></span> <span class='ocrx_word' id='word_1_140' title='bbox 685 1721 768 1748; x_wconf 87' lang='grc'><strong>1874.</strong></span> <span class='ocrx_word' id='word_1_141' title='bbox 810 1718 842 1748; x_wconf 88' lang='lat' dir='ltr'><strong>C.</strong></span> <span class='ocrx_word' id='word_1_142' title='bbox 863 1718 897 1747; x_wconf 92' lang='lat' dir='ltr'><strong>E.</strong></span> <span class='ocrx_word' id='word_1_143' title='bbox 918 1717 1109 1753; x_wconf 61' lang='lat' dir='ltr'><strong>Kammerer.</strong></span> <span class='ocrx_word' id='word_1_144' title='bbox 1140 1718 1185 1748; x_wconf 89' lang='lat' dir='ltr'><strong>De</strong></span> <span class='ocrx_word' id='word_1_145' title='bbox 1217 1718 1390 1756; x_wconf 69' lang='lat' dir='ltr'><strong>particulae</strong></span> <span class='ocrx_word' id='word_1_146' title='bbox 1421 1716 1463 1752; x_wconf 82' lang='grc' dir='ltr'><strong>ὡς</strong></span> <span class='ocrx_word' id='word_1_147' title='bbox 1490 1718 1577 1756; x_wconf 80' lang='lat' dir='ltr'><strong>apud</strong></span> 
     </span>
     <span class='ocr_line' id='line_1_17' title="bbox 144 1764 1577 1807; baseline -0.001 -9"><span class='ocrx_word' id='word_1_148' title='bbox 144 1768 312 1799; x_wconf 87' lang='lat' dir='ltr'><strong>Homerum</strong></span> <span class='ocrx_word' id='word_1_149' title='bbox 331 1779 389 1799; x_wconf 87' lang='lat' dir='ltr'><strong>usu</strong></span> <span class='ocrx_word' id='word_1_150' title='bbox 417 1769 449 1798; x_wconf 88' lang='lat' dir='ltr'><strong>et</strong></span> <span class='ocrx_word' id='word_1_151' title='bbox 474 1767 707 1807; x_wconf 85' lang='lat' dir='ltr'><strong>significatione.</strong></span> <span class='ocrx_word' id='word_1_152' title='bbox 734 1766 938 1798; x_wconf 80' lang='lat' dir='ltr'><strong>Vratislaviae</strong></span> <span class='ocrx_word' id='word_1_153' title='bbox 967 1769 1050 1797; x_wconf 81' lang='lat'><strong>1838.</strong></span> <span class='ocrx_word' id='word_1_154' title='bbox 1082 1766 1114 1797; x_wconf 81' lang='lat' dir='ltr'><strong>F.</strong></span> <span class='ocrx_word' id='word_1_155' title='bbox 1135 1766 1314 1806; x_wconf 79' lang='lat' dir='ltr'><strong>Naumann‚</strong></span> <span class='ocrx_word' id='word_1_156' title='bbox 1343 1767 1389 1797; x_wconf 87' lang='lat' dir='ltr'><strong>De</strong></span> <span class='ocrx_word' id='word_1_157' title='bbox 1415 1764 1456 1801; x_wconf 77' lang='grc' dir='ltr'><strong>ὦς</strong></span> <span class='ocrx_word' id='word_1_158' title='bbox 1480 1767 1577 1805; x_wconf 81' lang='lat' dir='ltr'><strong>parti-</strong></span> 
     </span>
     <span class='ocr_line' id='line_1_18' title="bbox 145 1815 1577 1857; baseline -0.001 -10"><span class='ocrx_word' id='word_1_159' title='bbox 145 1818 232 1847; x_wconf 86' lang='lat' dir='ltr'><strong>culae</strong></span> <span class='ocrx_word' id='word_1_160' title='bbox 253 1819 336 1855; x_wconf 88' lang='lat' dir='ltr'><strong>apud</strong></span> <span class='ocrx_word' id='word_1_161' title='bbox 355 1817 543 1856; x_wconf 81' lang='lat' dir='ltr'><strong>Aeschylum</strong></span> <span class='ocrx_word' id='word_1_162' title='bbox 564 1818 594 1847; x_wconf 90' lang='lat' dir='ltr'><strong>vi</strong></span> <span class='ocrx_word' id='word_1_163' title='bbox 615 1819 647 1847; x_wconf 86' lang='lat' dir='ltr'><strong>et</strong></span> <span class='ocrx_word' id='word_1_164' title='bbox 666 1826 732 1846; x_wconf 88' lang='lat' dir='ltr'><strong>usu.</strong></span> <span class='ocrx_word' id='word_1_165' title='bbox 773 1816 894 1857; x_wconf 80' lang='lat' dir='ltr'><strong>Lipsiae</strong></span> <span class='ocrx_word' id='word_1_166' title='bbox 917 1819 998 1845; x_wconf 77' lang='lat'><strong>1877.</strong></span> <span class='ocrx_word' id='word_1_167' title='bbox 1040 1815 1095 1845; x_wconf 93' lang='lat' dir='ltr'><strong>Th.</strong></span> <span class='ocrx_word' id='word_1_168' title='bbox 1118 1816 1238 1852; x_wconf 73' lang='lat' dir='ltr'><strong>Wisen,</strong></span> <span class='ocrx_word' id='word_1_169' title='bbox 1260 1816 1306 1845; x_wconf 92' lang='lat' dir='ltr'><strong>De</strong></span> <span class='ocrx_word' id='word_1_170' title='bbox 1327 1816 1359 1845; x_wconf 88' lang='lat' dir='ltr'><strong>vi</strong></span> <span class='ocrx_word' id='word_1_171' title='bbox 1379 1818 1411 1845; x_wconf 86' lang='lat' dir='ltr'><strong>et</strong></span> <span class='ocrx_word' id='word_1_172' title='bbox 1431 1827 1488 1846; x_wconf 87' lang='lat' dir='ltr'><strong>usu</strong></span> <span class='ocrx_word' id='word_1_173' title='bbox 1509 1826 1577 1854; x_wconf 88' lang='lat' dir='ltr'><strong>par—</strong></span> 
     </span>
     <span class='ocr_line' id='line_1_19' title="bbox 144 1864 1578 1905; baseline 0 -10"><span class='ocrx_word' id='word_1_174' title='bbox 144 1866 258 1896; x_wconf 87' lang='lat' dir='ltr'><strong>ticulae</strong></span> <span class='ocrx_word' id='word_1_175' title='bbox 289 1864 330 1901; x_wconf 77' lang='grc' dir='ltr'><strong>ὦς</strong></span> <span class='ocrx_word' id='word_1_176' title='bbox 361 1867 442 1905; x_wconf 75' lang='lat' dir='ltr'><strong>apud</strong></span> <span class='ocrx_word' id='word_1_177' title='bbox 473 1865 691 1904; x_wconf 79' lang='lat' dir='ltr'><strong>Thucydidem.</strong></span> <span class='ocrx_word' id='word_1_178' title='bbox 733 1865 872 1895; x_wconf 81' lang='lat' dir='ltr'><strong>Hauniae</strong></span> <span class='ocrx_word' id='word_1_179' title='bbox 894 1868 977 1895; x_wconf 81' lang='lat'><strong>1862.</strong></span> <span class='ocrx_word' id='word_1_180' title='bbox 1018 1864 1073 1893; x_wconf 89' lang='lat' dir='ltr'><strong>Th.</strong></span> <span class='ocrx_word' id='word_1_181' title='bbox 1096 1864 1259 1902; x_wconf 80' lang='lat' dir='ltr'><strong>Barthold‚</strong></span> <span class='ocrx_word' id='word_1_182' title='bbox 1292 1864 1455 1903; x_wconf 85' lang='lat' dir='ltr'><strong>Specimen</strong></span> <span class='ocrx_word' id='word_1_183' title='bbox 1486 1865 1578 1895; x_wconf 83' lang='lat' dir='ltr'><strong>lexici</strong></span> 
     </span>
     <span class='ocr_line' id='line_1_20' title="bbox 107 1912 1578 1954; baseline 0 -10"><span class='ocrx_word' id='word_1_184' title='bbox 107 1924 115 1927; x_wconf 82' lang='grc'><strong><em>·</em></strong></span> <span class='ocrx_word' id='word_1_185' title='bbox 145 1914 304 1954; x_wconf 86' lang='lat' dir='ltr'><strong>Euripidei</strong></span> <span class='ocrx_word' id='word_1_186' title='bbox 330 1925 390 1953; x_wconf 86' lang='lat' dir='ltr'><strong>quo</strong></span> <span class='ocrx_word' id='word_1_187' title='bbox 416 1915 588 1953; x_wconf 79' lang='lat' dir='ltr'><strong>explicatur</strong></span> <span class='ocrx_word' id='word_1_188' title='bbox 614 1914 767 1954; x_wconf 79' lang='lat' dir='ltr'><strong>particula</strong></span> <span class='ocrx_word' id='word_1_189' title='bbox 793 1912 845 1949; x_wconf 81' lang='grc' dir='ltr'><strong>ὦς.</strong></span> <span class='ocrx_word' id='word_1_190' title='bbox 885 1913 1063 1951; x_wconf 78' lang='lat' dir='ltr'><strong>Programm</strong></span> <span class='ocrx_word' id='word_1_191' title='bbox 1094 1914 1147 1943; x_wconf 88' lang='lat' dir='ltr'><strong>des</strong></span> <span class='ocrx_word' id='word_1_192' title='bbox 1173 1913 1389 1952; x_wconf 84' lang='lat' dir='ltr'><strong>Gymnasiums</strong></span> <span class='ocrx_word' id='word_1_193' title='bbox 1414 1924 1452 1943; x_wconf 87' lang='lat' dir='ltr'><strong>zu</strong></span> <span class='ocrx_word' id='word_1_194' title='bbox 1478 1914 1578 1944; x_wconf 87' lang='lat' dir='ltr'><strong>Posen</strong></span> 
     </span>
     <span class='ocr_line' id='line_1_21' title="bbox 146 1961 1577 2001; baseline -0.001 -8"><span class='ocrx_word' id='word_1_195' title='bbox 146 1966 231 1994; x_wconf 87' lang='grc'><strong>1869.</strong></span> <span class='ocrx_word' id='word_1_196' title='bbox 272 1965 357 1994; x_wconf 88' lang='lat' dir='ltr'><strong>Aem.</strong></span> <span class='ocrx_word' id='word_1_197' title='bbox 380 1964 526 2001; x_wconf 87' lang='lat' dir='ltr'><strong>Schinck‚</strong></span> <span class='ocrx_word' id='word_1_198' title='bbox 553 1963 598 1992; x_wconf 84' lang='lat' dir='ltr'><strong>Dc</strong></span> <span class='ocrx_word' id='word_1_199' title='bbox 624 1961 666 1997; x_wconf 77' lang='grc' dir='ltr'><strong>ὥς</strong></span> <span class='ocrx_word' id='word_1_200' title='bbox 691 1964 862 2001; x_wconf 78' lang='lat' dir='ltr'><strong>particulae</strong></span> <span class='ocrx_word' id='word_1_201' title='bbox 890 1972 946 1992; x_wconf 90' lang='lat' dir='ltr'><strong>usu</strong></span> <span class='ocrx_word' id='word_1_202' title='bbox 967 1962 1206 2000; x_wconf 77' lang='lat' dir='ltr'><strong>Aristophaneo,</strong></span> <span class='ocrx_word' id='word_1_203' title='bbox 1227 1963 1408 2001; x_wconf 81' lang='lat' dir='ltr'><strong>Programm</strong></span> <span class='ocrx_word' id='word_1_204' title='bbox 1429 1964 1483 1993; x_wconf 87' lang='lat' dir='ltr'><strong>des</strong></span> <span class='ocrx_word' id='word_1_205' title='bbox 1504 1963 1577 1993; x_wconf 90' lang='lat' dir='ltr'><strong>Pro-</strong></span> 
     </span>
     <span class='ocr_line' id='line_1_22' title="bbox 144 2011 1578 2051; baseline 0 -9"><span class='ocrx_word' id='word_1_206' title='bbox 144 2014 354 2051; x_wconf 78' lang='lat' dir='ltr'><strong>gymnasiums</strong></span> <span class='ocrx_word' id='word_1_207' title='bbox 375 2024 411 2043; x_wconf 90' lang='lat' dir='ltr'><strong>zu</strong></span> <span class='ocrx_word' id='word_1_208' title='bbox 427 2013 720 2043; x_wconf 82' lang='lat' dir='ltr'><strong>Neuhaldensleben</strong></span> <span class='ocrx_word' id='word_1_209' title='bbox 743 2015 826 2043; x_wconf 87' lang='grc'><strong>1880.</strong></span> <span class='ocrx_word' id='word_1_210' title='bbox 842 2012 1023 2049; x_wconf 70' lang='lat' dir='ltr'><strong>,Postquam</strong></span> <span class='ocrx_word' id='word_1_211' title='bbox 1044 2011 1220 2041; x_wconf 79' lang='lat' dir='ltr'><strong>dissertatio</strong></span> <span class='ocrx_word' id='word_1_212' title='bbox 1242 2022 1311 2042; x_wconf 78' lang='lat' dir='ltr'><strong>mea</strong></span> <span class='ocrx_word' id='word_1_213' title='bbox 1330 2012 1505 2051; x_wconf 84' lang='lat' dir='ltr'><strong>approbata</strong></span> <span class='ocrx_word' id='word_1_214' title='bbox 1521 2014 1578 2049; x_wconf 86' lang='lat' dir='ltr'><strong>est,</strong></span> 
     </span>
     <span class='ocr_line' id='line_1_23' title="bbox 145 2060 1578 2101; baseline 0 -10"><span class='ocrx_word' id='word_1_215' title='bbox 145 2063 276 2101; x_wconf 85' lang='lat' dir='ltr'><strong>cognovi</strong></span> <span class='ocrx_word' id='word_1_216' title='bbox 297 2063 492 2093; x_wconf 87' lang='lat' dir='ltr'><strong>Waltherum</strong></span> <span class='ocrx_word' id='word_1_217' title='bbox 522 2071 719 2101; x_wconf 72' lang='lat' dir='ltr'><strong>programma</strong></span> <span class='ocrx_word' id='word_1_218' title='bbox 749 2062 907 2099; x_wconf 83' lang='lat' dir='ltr'><strong>scripsisse</strong></span> <span class='ocrx_word' id='word_1_219' title='bbox 934 2061 1015 2099; x_wconf 91' lang='lat' dir='ltr'><strong>quod</strong></span> <span class='ocrx_word' id='word_1_220' title='bbox 1041 2060 1231 2099; x_wconf 86' lang='lat' dir='ltr'><strong>inscriptum.</strong></span> <span class='ocrx_word' id='word_1_221' title='bbox 1248 2061 1297 2091; x_wconf 75' lang='lat' dir='ltr'><strong>est</strong></span> <span class='ocrx_word' id='word_1_222' title='bbox 1318 2061 1433 2091; x_wconf 84' lang='lat' dir='ltr'><strong>‘Ueber</strong></span> <span class='ocrx_word' id='word_1_223' title='bbox 1459 2060 1501 2096; x_wconf 75' lang='grc' dir='ltr'><strong>ὥς</strong></span> <span class='ocrx_word' id='word_1_224' title='bbox 1528 2062 1578 2091; x_wconf 84' lang='lat' dir='ltr'><strong>bei</strong></span> 
     </span>
     <span class='ocr_line' id='line_1_24' title="bbox 143 2108 1291 2151; baseline -0.002 -11"><span class='ocrx_word' id='word_1_225' title='bbox 143 2111 294 2142; x_wconf 87' lang='lat' dir='ltr'><strong>Herodot’</strong></span> <span class='ocrx_word' id='word_1_226' title='bbox 317 2112 460 2151; x_wconf 83' lang='lat' dir='ltr'><strong>(Hameln</strong></span> <span class='ocrx_word' id='word_1_227' title='bbox 482 2113 580 2149; x_wconf 80' lang='grc'><strong>1887),</strong></span> <span class='ocrx_word' id='word_1_228' title='bbox 601 2111 684 2149; x_wconf 85' lang='lat' dir='ltr'><strong>quod</strong></span> <span class='ocrx_word' id='word_1_229' title='bbox 704 2119 888 2149; x_wconf 83' lang='lat' dir='ltr'><strong>quamquam</strong></span> <span class='ocrx_word' id='word_1_230' title='bbox 909 2110 982 2147; x_wconf 87' lang='lat' dir='ltr'><strong>vidi,</strong></span> <span class='ocrx_word' id='word_1_231' title='bbox 1002 2110 1073 2140; x_wconf 89' lang='lat' dir='ltr'><strong>inde</strong></span> <span class='ocrx_word' id='word_1_232' title='bbox 1095 2108 1172 2138; x_wconf 91' lang='lat' dir='ltr'><strong>nihil</strong></span> <span class='ocrx_word' id='word_1_233' title='bbox 1193 2109 1291 2148; x_wconf 84' lang='lat' dir='ltr'><strong>hausi.</strong></span> 
     </span>
    </p>

    <p class='ocr_par' dir='ltr' id='par_1_4' title="bbox 144 2158 1577 2249">
     <span class='ocr_line' id='line_1_25' title="bbox 242 2158 1577 2200; baseline -0.001 -9"><span class='ocrx_word' id='word_1_234' title='bbox 242 2162 272 2200; x_wconf 82' lang='lat'><strong>2)</strong></span> <span class='ocrx_word' id='word_1_235' title='bbox 293 2162 366 2191; x_wconf 86' lang='lat' dir='ltr'><strong>Plus</strong></span> <span class='ocrx_word' id='word_1_236' title='bbox 383 2161 467 2191; x_wconf 91' lang='lat' dir='ltr'><strong>mille</strong></span> <span class='ocrx_word' id='word_1_237' title='bbox 489 2159 715 2199; x_wconf 85' lang='lat' dir='ltr'><strong>quadringenta</strong></span> <span class='ocrx_word' id='word_1_238' title='bbox 736 2160 876 2198; x_wconf 86' lang='lat' dir='ltr'><strong>exempla</strong></span> <span class='ocrx_word' id='word_1_239' title='bbox 890 2158 1056 2189; x_wconf 78' lang='lat' dir='ltr'><strong>numeravi.</strong></span> <span class='ocrx_word' id='word_1_240' title='bbox 1080 2158 1263 2189; x_wconf 83' lang='lat' dir='ltr'><strong>Numeravit</strong></span> <span class='ocrx_word' id='word_1_241' title='bbox 1274 2158 1416 2189; x_wconf 85' lang='lat' dir='ltr'><strong>Walther</strong></span> <span class='ocrx_word' id='word_1_242' title='bbox 1432 2160 1499 2197; x_wconf 80' lang='lat' dir='ltr'><strong>(cfr.</strong></span> <span class='ocrx_word' id='word_1_243' title='bbox 1510 2161 1577 2198; x_wconf 83' lang='lat' dir='ltr'><strong>p.3)</strong></span> 
     </span>
     <span class='ocr_line' id='line_1_26' title="bbox 144 2201 1507 2249; baseline 0 -10"><span class='ocrx_word' id='word_1_244' title='bbox 144 2201 265 2240; x_wconf 83' lang='lat' dir='ltr'><strong>tantum</strong></span> <span class='ocrx_word' id='word_1_245' title='bbox 286 2211 373 2241; x_wconf 87' lang='lat' dir='ltr'><strong>mille</strong></span> <span class='ocrx_word' id='word_1_246' title='bbox 392 2211 527 2241; x_wconf 81' lang='lat' dir='ltr'><strong>ducenta</strong></span> <span class='ocrx_word' id='word_1_247' title='bbox 546 2209 744 2249; x_wconf 83' lang='lat' dir='ltr'><strong>septuaginta</strong></span> <span class='ocrx_word' id='word_1_248' title='bbox 764 2210 835 2247; x_wconf 81' lang='lat' dir='ltr'><strong>tria,</strong></span> <span class='ocrx_word' id='word_1_249' title='bbox 855 2209 938 2247; x_wconf 89' lang='lat' dir='ltr'><strong>quod</strong></span> <span class='ocrx_word' id='word_1_250' title='bbox 959 2209 1150 2241; x_wconf 69' lang='lat' dir='ltr'><strong>demonstrat</strong></span> <span class='ocrx_word' id='word_1_251' title='bbox 1170 2217 1239 2237; x_wconf 91' lang='lat' dir='ltr'><strong>eum</strong></span> <span class='ocrx_word' id='word_1_252' title='bbox 1260 2208 1376 2246; x_wconf 82' lang='lat' dir='ltr'><strong>fugisse</strong></span> <span class='ocrx_word' id='word_1_253' title='bbox 1398 2208 1507 2239; x_wconf 83' lang='lat' dir='ltr'><strong>multa.</strong></span> 
     </span>
    </p>

    <p class='ocr_par' dir='ltr' id='par_1_5' title="bbox 143 2256 1576 2344">
     <span class='ocr_line' id='line_1_27' title="bbox 241 2256 1576 2297; baseline -0.001 -8"><span class='ocrx_word' id='word_1_254' title='bbox 241 2261 270 2291; x_wconf 72' lang='lat'><strong>3)</strong></span> <span class='ocrx_word' id='word_1_255' title='bbox 292 2258 351 2290; x_wconf 87' lang='lat' dir='ltr'><strong>Cfr.</strong></span> <span class='ocrx_word' id='word_1_256' title='bbox 368 2260 486 2290; x_wconf 84' lang='lat' dir='ltr'><strong>Gustav</strong></span> <span class='ocrx_word' id='word_1_257' title='bbox 502 2260 614 2297; x_wconf 76' lang='lat' dir='ltr'><strong>Meyer,</strong></span> <span class='ocrx_word' id='word_1_258' title='bbox 632 2257 828 2288; x_wconf 85' lang='lat' dir='ltr'><strong>Griechische</strong></span> <span class='ocrx_word' id='word_1_259' title='bbox 845 2257 1044 2288; x_wconf 78' lang='lat' dir='ltr'><strong>Grammatik.</strong></span> <span class='ocrx_word' id='word_1_260' title='bbox 1077 2261 1103 2286; x_wconf 74' lang='lat'><strong>2.</strong></span> <span class='ocrx_word' id='word_1_261' title='bbox 1121 2257 1198 2286; x_wconf 86' lang='lat' dir='ltr'><strong>Aufl.</strong></span> <span class='ocrx_word' id='word_1_262' title='bbox 1226 2256 1355 2295; x_wconf 82' lang='lat' dir='ltr'><strong>Leipzig</strong></span> <span class='ocrx_word' id='word_1_263' title='bbox 1377 2261 1461 2288; x_wconf 85' lang='lat'><strong>1886.</strong></span> <span class='ocrx_word' id='word_1_264' title='bbox 1486 2261 1503 2294; x_wconf 66' lang='grc' dir='ltr'><strong>ἓ</strong></span> <span class='ocrx_word' id='word_1_265' title='bbox 1519 2261 1576 2288; x_wconf 83' lang='lat'><strong>215</strong></span> 
     </span>
     <span class='ocr_line' id='line_1_28' title="bbox 143 2308 735 2344; baseline 0.003 -7"><span class='ocrx_word' id='word_1_266' title='bbox 143 2308 175 2337; x_wconf 87' lang='lat' dir='ltr'><strong>et</strong></span> <span class='ocrx_word' id='word_1_267' title='bbox 194 2311 212 2344; x_wconf 67' lang='grc' dir='ltr'><strong>ς</strong></span> <span class='ocrx_word' id='word_1_268' title='bbox 232 2311 298 2339; x_wconf 85' lang='grc'><strong>303.</strong></span> <span class='ocrx_word' id='word_1_269' title='bbox 731 2318 735 2325; x_wconf 82' lang='lat'>¹</span> 
     </span>
    </p>

    <p class='ocr_par' dir='ltr' id='par_1_6' title="bbox 147 2353 1575 2445">
     <span class='ocr_line' id='line_1_29' title="bbox 239 2353 1575 2397; baseline -0.001 -10"><span class='ocrx_word' id='word_1_270' title='bbox 239 2358 271 2396; x_wconf 83' lang='lat'><strong>4)</strong></span> <span class='ocrx_word' id='word_1_271' title='bbox 292 2357 370 2388; x_wconf 88' lang='lat' dir='ltr'><strong>Vide</strong></span> <span class='ocrx_word' id='word_1_272' title='bbox 406 2358 597 2397; x_wconf 82' lang='lat' dir='ltr'><strong>Brugmann,</strong></span> <span class='ocrx_word' id='word_1_273' title='bbox 633 2353 807 2387; x_wconf 84' lang='lat' dir='ltr'><strong>Handbuch</strong></span> <span class='ocrx_word' id='word_1_274' title='bbox 848 2357 902 2387; x_wconf 88' lang='lat' dir='ltr'><strong>der</strong></span> <span class='ocrx_word' id='word_1_275' title='bbox 939 2356 1122 2386; x_wconf 80' lang='lat' dir='ltr'><strong>classischen</strong></span> <span class='ocrx_word' id='word_1_276' title='bbox 1157 2355 1575 2387; x_wconf 82' lang='lat' dir='ltr'><strong>Alterthumswissenschaft.</strong></span> 
     </span>
     <span class='ocr_line' id='line_1_30' title="bbox 147 2405 1379 2445; baseline 0 -10"><span class='ocrx_word' id='word_1_277' title='bbox 147 2406 407 2445; x_wconf 80' lang='lat' dir='ltr'><strong>Herausgegeben</strong></span> <span class='ocrx_word' id='word_1_278' title='bbox 426 2416 488 2437; x_wconf 87' lang='lat' dir='ltr'><strong>von</strong></span> <span class='ocrx_word' id='word_1_279' title='bbox 507 2407 590 2436; x_wconf 84' lang='lat' dir='ltr'><strong>Iwan</strong></span> <span class='ocrx_word' id='word_1_280' title='bbox 612 2406 731 2436; x_wconf 72' lang='lat' dir='ltr'><strong>Mi&#39;iller.</strong></span> <span class='ocrx_word' id='word_1_281' title='bbox 771 2406 841 2437; x_wconf 92' lang='lat' dir='ltr'><strong>Vol.</strong></span> <span class='ocrx_word' id='word_1_282' title='bbox 856 2406 894 2436; x_wconf 97' lang='lat' dir='ltr'><strong>II.</strong></span> <span class='ocrx_word' id='word_1_283' title='bbox 936 2405 1127 2443; x_wconf 80' lang='lat' dir='ltr'><strong>N6rdlingen</strong></span> <span class='ocrx_word' id='word_1_284' title='bbox 1150 2408 1234 2435; x_wconf 81' lang='lat'><strong>1885.</strong></span> <span class='ocrx_word' id='word_1_285' title='bbox 1265 2415 1296 2443; x_wconf 85' lang='lat' dir='ltr'><strong>p.</strong></span> <span class='ocrx_word' id='word_1_286' title='bbox 1315 2408 1379 2435; x_wconf 80' lang='lat'><strong>119.</strong></span> 
     </span>
    </p>

    <p class='ocr_par' dir='ltr' id='par_1_7' title="bbox 145 2453 1577 2542">
     <span class='ocr_line' id='line_1_31' title="bbox 241 2453 1577 2494; baseline -0.002 -8"><span class='ocrx_word' id='word_1_287' title='bbox 241 2457 271 2493; x_wconf 86' lang='lat'><strong>5)</strong></span> <span class='ocrx_word' id='word_1_288' title='bbox 292 2455 352 2486; x_wconf 82' lang='lat' dir='ltr'><strong>cfr.</strong></span> <span class='ocrx_word' id='word_1_289' title='bbox 374 2455 505 2492; x_wconf 84' lang='lat' dir='ltr'><strong>Curtius,</strong></span> <span class='ocrx_word' id='word_1_290' title='bbox 527 2455 710 2494; x_wconf 73' lang='lat' dir='ltr'><strong>Grundzfige</strong></span> <span class='ocrx_word' id='word_1_291' title='bbox 730 2454 785 2485; x_wconf 87' lang='lat' dir='ltr'><strong>der</strong></span> <span class='ocrx_word' id='word_1_292' title='bbox 805 2454 1017 2493; x_wconf 84' lang='lat' dir='ltr'><strong>griechischen</strong></span> <span class='ocrx_word' id='word_1_293' title='bbox 1038 2453 1244 2492; x_wconf 83' lang='lat' dir='ltr'><strong>Etymologie.</strong></span> <span class='ocrx_word' id='word_1_294' title='bbox 1287 2456 1313 2484; x_wconf 88' lang='lat'><strong>5.</strong></span> <span class='ocrx_word' id='word_1_295' title='bbox 1331 2453 1410 2484; x_wconf 85' lang='lat' dir='ltr'><strong>Aufl.</strong></span> <span class='ocrx_word' id='word_1_296' title='bbox 1451 2454 1577 2493; x_wconf 77' lang='lat' dir='ltr'><strong>Leipzig</strong></span> 
     </span>
     <span class='ocr_line' id='line_1_32' title="bbox 145 2505 377 2542; baseline 0.013 -10"><span class='ocrx_word' id='word_1_297' title='bbox 145 2505 229 2534; x_wconf 78' lang='lat'><strong>1879.</strong></span> <span class='ocrx_word' id='word_1_298' title='bbox 264 2514 293 2542; x_wconf 86' lang='lat' dir='ltr'><strong>p.</strong></span> <span class='ocrx_word' id='word_1_299' title='bbox 311 2508 377 2535; x_wconf 76' lang='lat'><strong>603.</strong></span> 
     </span>
    </p>

    <p class='ocr_par' dir='ltr' id='par_1_8' title="bbox 142 2550 1576 2640">
     <span class='ocr_line' id='line_1_33' title="bbox 241 2550 1576 2591; baseline 0 -8"><span class='ocrx_word' id='word_1_300' title='bbox 241 2553 272 2590; x_wconf 84' lang='lat'><strong>6)</strong></span> <span class='ocrx_word' id='word_1_301' title='bbox 294 2553 422 2583; x_wconf 87' lang='lat' dir='ltr'><strong>Studien</strong></span> <span class='ocrx_word' id='word_1_302' title='bbox 448 2563 502 2582; x_wconf 87' lang='lat' dir='ltr'><strong>zur</strong></span> <span class='ocrx_word' id='word_1_303' title='bbox 526 2552 738 2591; x_wconf 86' lang='lat' dir='ltr'><strong>griechischen</strong></span> <span class='ocrx_word' id='word_1_304' title='bbox 763 2553 825 2582; x_wconf 86' lang='lat' dir='ltr'><strong>und</strong></span> <span class='ocrx_word' id='word_1_305' title='bbox 851 2552 1052 2582; x_wconf 83' lang='lat' dir='ltr'><strong>lateinischen</strong></span> <span class='ocrx_word' id='word_1_306' title='bbox 1073 2550 1274 2582; x_wconf 84' lang='lat' dir='ltr'><strong>Grammatik.</strong></span> <span class='ocrx_word' id='word_1_307' title='bbox 1315 2552 1576 2591; x_wconf 80' lang='lat' dir='ltr'><strong>Herausgegeben</strong></span> 
     </span>
     <span class='ocr_line' id='line_1_34' title="bbox 142 2600 803 2640; baseline 0 -10"><span class='ocrx_word' id='word_1_308' title='bbox 142 2609 203 2630; x_wconf 83' lang='lat' dir='ltr'><strong>von</strong></span> <span class='ocrx_word' id='word_1_309' title='bbox 222 2600 258 2631; x_wconf 81' lang='lat' dir='ltr'><strong>G.</strong></span> <span class='ocrx_word' id='word_1_310' title='bbox 280 2601 412 2631; x_wconf 83' lang='lat' dir='ltr'><strong>Curtius.</strong></span> <span class='ocrx_word' id='word_1_311' title='bbox 454 2601 521 2631; x_wconf 89' lang='lat' dir='ltr'><strong>VoL</strong></span> <span class='ocrx_word' id='word_1_312' title='bbox 537 2601 575 2638; x_wconf 90' lang='lat'><strong>11,</strong></span> <span class='ocrx_word' id='word_1_313' title='bbox 596 2611 626 2640; x_wconf 88' lang='lat' dir='ltr'><strong>p.</strong></span> <span class='ocrx_word' id='word_1_314' title='bbox 643 2605 700 2632; x_wconf 79' lang='lat'><strong>203</strong></span> <span class='ocrx_word' id='word_1_315' title='bbox 717 2610 803 2640; x_wconf 82' lang='lat' dir='ltr'><strong>seqq.</strong></span> 
     </span>
    </p>
   </div>
  </div>
 </body>
</html>
