1771 2981
754 191 898 229 ...-29
950 211 997 219 ...

254 279 296 330 b)
326 278 379 325 ὥς
414 293 492 318 cum
529 285 601 329 opt.
631 278 827 330 praesentis
863 281 961 330 VIII,
978 282 1039 321 ⁷76.
1094 270 1350 319 Coniunctivus
1387 283 1586 329 praesentis

156 354 236 379 cum
262 340 420 387 optativo
446 341 643 387 praesentis
669 341 856 387 copulatur
881 341 908 388 I,
927 342 997 378 185
1022 340 1119 389 (vide
1145 354 1253 388 supra
1279 354 1357 389 pag.
1380 336 1453 389 27.)

256 398 292 448 c)
318 397 369 442 ὦς
393 411 472 435 cum
499 402 571 446 opt.
598 400 722 435 aoristi
747 399 790 446 V,
806 400 868 445 333
896 399 994 447 VIII,
1012 401 1072 447 163
1098 399 1160 447 IX,
1176 400 1233 436 51.

254 457 293 507 d)
318 455 368 501 ὥς
391 456 440 494 ἄν
466 470 547 494 cum
572 459 660 495 coni.
686 470 797 505 praes.
823 458 885 506 IX,
902 460 933 495 7.

254 516 290 565 e)
316 515 364 560 ὥς
390 515 443 553 ἄν’
464 530 543 554 cum
570 519 642 564 opt.
667 530 781 564 praes.
809 517 850 563 V,
865 519 922 554 37.

253 575 286 624 f)
317 573 366 619 ὡς
390 574 437 612 ἄν
464 588 543 612 cum
570 577 659 612 coni.
685 577 810 613 aoristi
835 576 862 622 I,
879 578 912 623 5,
934 579 994 627 ἅ24.

254 635 293 682 g)
320 632 370 677 ὦς
394 632 443 670 ἄν
469 648 547 670 cum
575 638 646 681 opt.
672 648 743 671 aor.
768 635 796 682 Ι,
816 636 900 682 1523
926 635 1008 683 VII,
1027 637 1110 682 1763
1137 635 1237 682 VIII,
1255 638 1293 679 ’ῖς
1321 636 1384 682 ΙΧ,
1399 637 1454 672 22.

254 694 316 740 ΙΧ,
337 694 381 730 51
418 694 604 741 copulatur
634 706 713 730 cum
745 697 818 742 opt.
850 695 972 731 aoristi
1003 697 1085 742 post
1116 692 1165 738 ὡς
1195 694 1243 731 ἄν
1274 696 1455 742 optativus
1486 708 1586 742 prae-

161 753 282 795 sentis,
307 748 348 788 ut
372 753 521 800 videtur,
546 753 639 800 quod
664 754 762 790 notio
776 751 986 800 'praesentis
1012 755 1193 801 premitur.

260 808 310 854 ὦς
341 812 385 848 ab
417 812 524 848 verbo
550 812 733 848 vocabulis
759 813 997 859 compluribus
1030 813 1257 859 interpositis
1277 815 1478 860 separatum
1505 825 1584 860 par-

157 872 268 908 ticula
292 871 356 907 ἵνα
381 872 506 917 recipit
529 871 629 918 VIII,
652 872 697 907 76
728 872 764 914 ἐς
794 870 836 908 δὲ
854 870 923 918 τὴν
947 873 1081 918 νησῖδα
1106 870 1175 918 τὴν
1203 871 1434 908 Ψυττάλειαν
1459 875 1584 907 καλεο-

156 928 273 976 μένην
308 926 527 977 ἀρτεβίβαζον
562 930 636 965 τῶν
669 930 843 976 Περσέων
876 931 992 966 τῶνδε
1023 930 1161 966 εἵνεκεν
1168 956 1179 975 ,
1210 926 1262 975 ὣς
1300 928 1409 966 ἐπεὰν
1439 931 1585 976 γίνηται

157 989 356 1034 ναυμαχίη,
393 988 556 1031 ἐνθαῦτα
591 987 745 1035 μάλιστα
783 988 1024 1034 ἐξοισομένων
1059 990 1134 1024 τῶν
1166 1002 1205 1024 τε
1235 986 1387 1035 ἀνδρῷν
1417 988 1478 1024 καὶ
1509 990 1583 1024 τῶν

157 1049 346 1092 ναυηγίων
377 1047 433 1091 (ἐν
464 1044 533 1092 γὰρ
565 1045 611 1092 δὴ
641 1045 743 1095 πόρω
779 1048 843 1092 τῆς
872 1049 1074 1092 ναυμαχίης
1103 1048 1167 1093 τῆς
1196 1038 1400 1092 μελλούσης
1431 1049 1581 1082 ἔσεσθαι

157 1106 271 1141 ἔκειτο
297 1102 320 1151 ἡ
345 1103 485 1153 νῆσος),
510 1106 573 1140 ἵνα
598 1102 684 1147 τοὺς
708 1103 774 1151 μὲν
801 1104 1051 1153 περιποιέωσι,
1075 1103 1162 1147 τοὺς
1187 1103 1229 1141 δὲ
1255 1106 1511 1152 διαφθείρωσι.

255 1164 507 1211 Exemplorum
542 1165 767 1200 laudatorum
802 1164 970 1211 negativa
1006 1167 1091 1209 sunt
1120 1163 1148 1209 Ι,
1172 1166 1201 1210 1,
1232 1165 1264 1210 5,
1297 1166 1351 1210 11,
1384 1164 1464 1210 155,
1497 1164 1578 1209 159;

158 1223 226 1269 III,
243 1224 326 1269 1403
352 1223 414 1269 IV,
432 1224 517 1269 1873
542 1222 643 1268 VIII,
661 1223 716 1258 76.
758 1222 956 1259 Memoratu
977 1223 1122 1269 dignum
1144 1228 1199 1257 est
1219 1210 1383 1258 omnibuis
1405 1223 1460 1258 his
1486 1223 1585 1267 locis,

156 1282 311 1328 exceptis
352 1284 491 1317 tantum
527 1281 590 1324 IV,
613 1281 681 1317 187
719 1284 754 1316 et
788 1280 890 1327 VIII,
914 1282 974 1327 76,
1014 1280 1075 1315 ubi
1110 1293 1277 1326 praesens
1310 1284 1502 1327 usurpatur
1537 1300 1585 1306 —

157 1343 354 1386 propterea,
372 1343 412 1375 ut
433 1340 581 1384 videtur,
598 1340 681 1385 quia
701 1340 776 1374 eius
797 1340 935 1386 notioni
955 1340 1009 1374 vis
1029 1340 1413 1374 tribuitur—verbum
1433 1340 1585 1375 formam

157 1399 285 1433 aoristi
316 1398 456 1433 habere.
513 1397 613 1432 Duae
645 1397 842 1432 sententiae
872 1397 1059 1444 negativae
1090 1398 1301 1442 copulantur
1331 1409 1393 1443 per
1423 1395 1511 1443 μήτε
1536 1417 1584 1423 —

156 1453 245 1501 μήτε
273 1456 296 1501 [,
315 1458 345 1502 1,
373 1456 456 1501 155;
481 1467 544 1501 per
569 1457 641 1499 καί,
667 1453 715 1501 μή
743 1467 815 1491 non
840 1456 1002 1502 repetito,
1027 1454 1088 1502 IX,
1105 1455 1161 1491 51.

254 1513 355 1555 Quod
389 1514 432 1549 ad
469 1514 666 1549 sententiae
699 1515 817 1549 finalis
849 1514 1120 1550 collocationem
1151 1514 1293 1560 attinet,
1323 1515 1583 1550 observandum

157 1575 212 1607 est
237 1573 269 1607 ei
296 1573 741 1618 sententiamtprimariam
769 1571 906 1618 semper
932 1571 1148 1607 antecedere.

258 1630 301 1665 In
326 1630 372 1677 ΙΙ,
388 1631 434 1665 99
462 1629 559 1666 Stein
585 1629 658 1676 ῥέει
684 1630 845 1673 codicum
876 1631 914 1665 in
947 1629 1010 1677 ῥέῃ
1041 1630 1221 1678 corrigens
1247 1631 1349 1678 legit:
1380 1632 1432 1666 ἔτι
1458 1629 1499 1666 δὲ
1524 1630 1584 1667 καὶ

157 1693 229 1724 νῦν
256 1686 328 1724 ὑπὸ
355 1689 532 1735 Περσέων
558 1686 578 1724 ὁ
598 1686 727 1734 -ἀγκων
754 1683 861 1731 οὗτος
884 1690 951 1725 τοῦ
972 1690 1111 1725 Νείλου
1136 1685 1185 1731 ὥς
1205 1687 1429 1735 ἀπεργμένος
1453 1689 1517 1736 ῥέῃ
1544 1690 1585 1725 ἐν

157 1750 339 1794 φυλακῇσι
367 1745 543 1794 μεγάλῃσι
570 1749 696 1794 ἔχεται.
738 1747 789 1783 At
809 1747 927 1794 ceteri,
953 1747 1045 1794 quod
1068 1747 1186 1794 sciam,
1211 1748 1364 1783 editores
1390 1748 1587 1793 probarunt

157 1797 287 1851 codicis
313 1806 335 1841 d
361 1807 588 1856 scripturam:
614 1803 655 1848 ὃς
676 1802 903 1852 ἀπεργμένος
922 1805 1006 1852 ῥέει.
1048 1805 1208 1841 Lectioni
1229 1805 1355 1841 Steinii
1376 1807 1469 1842 hanc
1490 1809 1585 1842 ante-

157 1865 248 1910 fero,
277 1866 445 1911 primum,
477 1865 569 1912 quo'd
598 1876 737 1908 sensus,
770 1877 873 1911 quem
899 1865 1061 1914 praebet,
1092 1864 1206 1910 magis
1232 1864 1364 1911 placet3
1394 1876 1479 1900 nam
1505 1877 1586 1900 cum

156 1923 195 1958 in
221 1923 330 1959 dubio
361 1936 438 1959 esse
468 1936 539 1959 non
571 1924 687 1969 possit
718 1935 780 1959 eur
811 1924 942 1973 flumen
973 1935 1104 1969 magna
1129 1935 1208 1958 cum
1234 1934 1318 1968 cura
1343 1923 1588 1969 custodierint,

157 1994 301 2027 prorsus
327 1983 429 2017 inane
456 1985 549 2017 esset
570 1979 969 2029 ὡςᾷπεργμὲνοςρέῃε
996 1982 1129 2026 deinde,
1155 1981 1247 2026 quod
1270 1983 1448 2016 sententia
1468 1982 1586 2016 finalis

157 2040 348 2086 primariae
375 2040 572 2076 sententiae
598 2052 781 2087 nunquam
812 2041 996 2085 inseritur,
1028 2040 1087 2075 sed
1119 2040 1195 2074 edm
1227 2052 1381 2086 semper,
1412 2043 1453 2075 ut
1479 2053 1588 2087 supra

156 2099 239 2145 dixi,
265 2100 433 2145 sequitur.
452 2114 454 2116 ·
1286 2094 1295 2106 ³

254 2157 338 2193 Loci
359 2161 547 2204 sequentes
569 2159 613 2193 ab
634 2158 750 2193 verbis
772 2158 932 2204 curandi,
951 2156 1126 2192 efficiendi
1148 2156 1251 2191 simil.
1272 2156 1479 2203 pendentes,
1504 2158 1589 2192 licet

157 2216 202 2251 ad
227 2228 330 2252 usum
361 2217 549 2252 relativum
581 2217 724 2262 proprie
754 2216 958 2263 pertineant
966 2215 993 2263 ¹)
994 2227 1008 2261 ,
1040 2216 1099 2250 hic
1129 2214 1326 2250 afferuntur
1351 2215 1446 2261 quod
1472 2217 1588 2252 notio-

157 2286 237 2309 nem
267 2269 406 2310 consilii
440 2275 637 2310 continent:
668 2274 736 2320 III,
758 2275 806 2310 84
831 2274 870 2309 οἱ
899 2273 940 2309 δὲ
970 2272 1092 2309 λοιποὶ
1124 2273 1197 2308 τῶν
1228 2270 1315 2308 ἑπτὰ
1341 2272 1587 2319 ἐβουλεύοντο

158 2329 207 2375 ὥς
235 2331 387 2379 βασιλέα
417 2330 627 2369 δικαιότατα
657 2331 865 2380 στήσονται.
919 2331 986 2379 ΙΙΙ,
1008 2332 1076 2368 159
1110 2328 1158 2374 ὡς
1188 2328 1221 2366 δ’
1257 2331 1381 2375 ἕξουσι
1411 2339 1589 2379 γυναῖκας

158 2391 197 2426 οἰ
229 2380 463 2437 Βαβυλώνιοι
494 2392 558 2427 ἵνα
588 2401 654 2439 σφι
683 2390 792 2438 γενεὴ
822 2389 1057 2438 ὑπογίνηται,
1096 2390 1184 2425 τάδε
1221 2394 1382 2438 Δαρεῖος
1420 2390 1587 2438 προϊδὼν

158 2448 304 2495 ἐποίησε
321 2470 364 2475 ——
385 2449 466 2496 VII,
484 2449 550 2484 161
579 2447 630 2491 ὡς
654 2447 696 2485 δὲ
720 2447 980 2496 στρατηγήσεις
1004 2445 1115 2493 αὐτῆς
1131 2450 1289 2494 γλίχεαι.
1305 2468 1354 2474 -
1370 2449 1587 2485 Particulam

258 2577 287 2612 1)
306 2574 366 2605 cfr.
389 2575 520 2613 Curtius,
540 2575 793 2615 Erlssuterungen.
825 2585 854 2613 p.
874 2577 1034 2604 195—196.
