1771 2981
761 190 1002 230 ....36.ἢ
1293 197 1305 216 0

162 277 331 316 Fortasse
356 293 422 327 pro
449 275 499 323 ὥς
525 283 582 317 est
607 276 673 324 οὕς
699 282 898 329 legendum.
948 282 1014 318 Vis
1046 282 1173 326 similis
1204 282 1402 319 sententiae
1426 281 1596 319 relativae

161 340 256 374 inest
277 339 339 385 IX,
362 340 417 375 18.
455 338 614 386 ἐφάνητε
636 338 757 382 ἐόντες
777 337 929 386 ἀγαθοί,
951 338 1020 376 οὐκ
1040 339 1090 383 ὥς
1115 339 1186 387 ἐγὼ
1208 340 1485 388 ἐπυνθανόμην,
1505 341 1598 388 11.’θ.,

162 394 208 433 οὐ
233 404 327 433 τοῖοι
354 397 415 444 (ef.
436 397 501 445 ΙΙΙ,
528 398 590 446 72)
617 399 718 441 οἵους
743 397 814 445 ἐγὼ
841 397 1118 446 ἐπυνθανόμην.
1644 396 1646 401 ’

261 456 485 505 Significatio
522 471 593 495 non
624 456 730 505 alia¹)
763 460 817 494 est
848 458 1047 495 sententiae
1082 459 1255 496 relativae
1286 459 1359 508 ΙΙΙ,
1385 461 1464 496 140.
1514 455 1596 496 ἀλλ’

162 510 215 552 ὧν
242 519 302 563 ἴση
334 530 376 562 γε
402 514 424 564 ἡ
451 516 555 564 χάρις
587 515 723 564 ὁμοίως
753 514 803 559 ὥς
832 519 867 553 εἰ
894 518 969 553 νῦν
993 517 1108 553 κοθέν
1138 531 1173 554 τι
1208 517 1299 564 μέγα
1330 517 1497 566 λάβοιμι,
1529 519 1600 555 nisi

163 575 257 621 quod
284 571 355 611 hie*
369 577 547 612 sententia
572 577 721 612 relativa
746 576 902 612 nominis
929 576 973 612 ad
999 577 1092 623 quod
1118 579 1266 624 spectat,
1292 589 1363 613 non
1389 578 1599 625 qualitatem

165 634 226 669 sed
253 635 491 681 quantitatem
517 635 650 670 definit.
701 632 838 681 ὁμοίως
865 636 958 671 clare
985 635 1153 671 abundat.

261 692 428 729 Fortasse
453 693 522 728 huc
548 693 674 728 referri
698 695 820 739 potest
846 694 945 729 locus
967 694 1028 729 ubi
1055 694 1201 729 verbum
1227 694 1458 740 comparandi
1484 695 1598 742 sequi-

162 753 223 787 tur
258 752 437 788 sententia
474 752 518 788 ab
552 748 602 795 ὡς
634 752 668 788 εἰ
697 752 886 799 incipiens,
923 765 1011 799 quae
1047 752 1240 800 imaginem
1278 752 1396 789 fletam
1433 754 1599 790 continet.

163 810 247 859 VJI,
287 812 364 846 162.
416 810 703 857 στερισκομένην
740 805 793 846 ὦν
828 809 896 857 τὴν
927 808 1085 847 Ἑλλάδα
1119 811 1183 856 τῆς
1218 810 1360 846 ἑωυτοῦ
1397 813 1601 858 συμμαχίης

162 870 278 912 εἴκαζε
305 866 354 912 ὡς
379 870 414 905 εί
437 866 478 905 τὸ
506 870 571 914 ἔαρ
589 868 636 913 ιἐκ
661 870 729 905 τοῦ
756 869 928 906 ἐνιαυτοῦ
955 869 1241 917 ἐξαραιρημένον
1267 872 1333 916 εἴη.

262 931 292 965 3.
331 929 469 964 Gradus
501 929 654 964 actionis
685 941 765 964 eum
798 929 909 976 gradu
941 929 1098 965 eiusdem
1133 926 1285 965 actionis
1316 929 1360 965 ad
1392 929 1498 965 aliam
1525 941 1600 966 rem

163 989 218 1023 vel
257 1000 444 1033 personam
481 990 588 1034 atque
625 988 662 1022 in
699 988 879 1022 sententia
914 988 1085 1033 primaria
1121 988 1270 1034 relatae,
1302 987 1357 1022 vel
1393 999 1473 1023 eum
1510 988 1600 1024 alius

163 1037 315 1082 actionis
341 1046 455 1092 gradu
481 1048 720 1092 comparatur.
767 1045 870 1082 Locis
891 1046 960 1081 huc
981 1046 1244 1092 pertinentibus
1271 1045 1436 1081 omnibus
1460 1046 1498 1081 in
1525 1058 1601 1082 sen-

162 1105 276 1140 tentia
292 1105 465 1152 primaria
480 1105 634 1140 occurrit
647 1103 754 1140 οὕτω.
801 1102 897 1141 οὕτω
915 1125 962 1130 -
980 1102 1029 1147 ὡς
1044 1104 1172 1140 Latine
1189 1104 1284 1140 valet
1300 1103 1388 1140 ‘tam
1409 1124 1448 1130 —-
1469 1104 1601 1151 quam'.

262 1163 298 1211 a)
335 1163 475 1199 Gradus
501 1163 652 1199 duarum
678 1164 860 1199 actionum
887 1164 1125 1200 conferuntur.

261 1217 410 1268 VI‚*61.
436 1222 518 1259 τότε
549 1221 590 1258 δὲ
629 1221 696 1258 τὸν
732 1222 943 1269 Κλεομένεα
970 1251 977 1258 .
993 1250 1001 1258 .
1017 1250 1025 1258 .
1041 1250 1049 1259 .
1076 1221 1238 1268 διέβαλε,
1275 1218 1341 1257 οὐκ
1374 1221 1602 1268 Αἰγινητέων

164 1279 261 1317 οὕτω
289 1280 493 1328 κηδόμενος
523 1278 573 1323 ὦς
599 1279 734 1330 φθόνῳ
764 1280 825 1316 καὶ
852 1279 923 1328 ἄγῃ
949 1279 1165 1328 χρεώμενος.
1188 1300 1229 1306 -
1250 1281 1331 1316 108.
1361 1281 1474 1316 ταῦτα
1500 1290 1603 1316 συνε-

163 1338 345 1386 βούλευον
421 1337 467 1375 οὗ
487 1337 577 1375 κατὰ
599 1337 667 1386 τὴν
688 1337 840 1385 εὐνοίην
863 1338 958 1374 οὕτω
978 1340 1053 1374 τῶν
1073 1338 1289 1374 Πλαταιέων
1310 1336 1361 1381 ὥς
1379 1337 1602 1385 βουλόμενοι

162 1396 250 1440 τοὺς
267 1398 490 1444 Ἀθηναίους
516 1399 613 1444 ἔχειν
638 1396 776 1440 πόνους
802 1398 1051 1440 συνεστεῶτας
1076 1400 1283 1433 Βοιωτοῖσι.

264 1457 368 1503 VIII,
393 1457 451 1493 99.
503 1454 572 1492 οὐκ
608 1453 704 1492 οὕτω
741 1455 782 1492 δὲ
817 1455 899 1503 περὶ
935 1457 1010 1492 τῶν
1045 1457 1141 1492 νεῶν
1178 1453 1381 1503 ἀχθόμενοι
1417 1457 1530 1492 ταῦτα
1567 1457 1630 1495 οἱ4

167 1515 309 1562 Πέρσαι
336 1516 482 1551 ἐποίευν
509 1512 558 1556 ὡς
583 1514 665 1560 περὶ
691 1512 790 1564 αὐτῷ
817 1514 932 1561 Ξέρξῃ
959 1515 1218 1560 δειμαίνοντες.

262 1572 302 1621 b)
339 1573 604 1620 Comparantur
635 1573 767 1620 gradus
793 1573 950 1609 eiusdem
978 1573 1132 1610 aetionis
1167 1574 1210 1610 ad
1243 1574 1330 1610 duas
1356 1565 1517 1610 diversas
1542 1586 1599 1610 res

166 1634 221 1669 vel
248 1645 422 1679 personas
448 1633 589 1668 relatae.

262 1691 316 1725 III
324 1719 333 1737 ,
361 1692 442 1727 120.
478 1691 517 1725 οἱ
544 1689 612 1737 μὲν
644 1688 690 1735 δή
721 1703 785 1736 μιν
817 1689 908 1736 φασὶ
931 1715 1036 1725 .....
1058 1690 1284 1736 ἐπιθυμῆσαι
1310 1687 1378 1725 οὐκ
1410 1687 1505 1726 οὕτω
1536 1688 1603 1726 τὸν

162 1753 315 1786 εἴπαντα
339 1750 454 1785 ταῦτα
478 1750 654 1784 τίσασθαι
680 1744 730 1790 ὡς
755 1746 996 1794 Πολυκράτεα
1023 1745 1168 1790 πάντως
1192 1745 1379 1784 ἀπολέσαι.

264 1807 308 1853 V,
327 1809 386 1843 24.
416 1805 528 1843 οὐδέν
559 1820 611 1842 κω
643 1804 733 1841 ἄλλο
764 1807 884 1852 χρῆμα
919 1804 1015 1842 οὕτω
1043 1807 1082 1842 ἐν
1106 1806 1233 1853 βραχέι
1259 1804 1454 1853 ἐπεζήτησα
1481 1804 1531 1849 ὣς
1562 1805 1604 1843 σὲ

164 1867 261 1903 ι’δεῖν
285 1879 323 1903 τε
348 1866 409 1902 καὶ
436 1865 472 1909 ἐς
496 1864 630 1913 λόγους
655 1879 717 1912 μοι
743 1862 950 1901 ἀπικέσθαι,

263 1925 367 1973 VIII,
393 1927 450 1962 74.
492 1922 700 1973 ἀρρώδεον,
727 1922 794 1961 οὐκ
822 1921 918 1961 οὕτω
944 1923 1025 1970 περὶ
1052 1927 1156 1971 σφίσι
1183 1922 1326 1973 αὐτοῖσι
1353 1925 1602 1972 δειμαίνοντες

165 1982 215 2028 ὥς
240 1985 322 2030 περὶ
348 1986 392 2033 τῇ
418 1980 704 2033 Πελοποννήσῳ.

263 2044 325 2091 ΙΧ,
353 2046 432 2081 101.
467 2038 518 2091 ἦν
548 2043 590 2080 δὲ
615 2042 781 2091 ἀρρωδίη
814 2053 880 2090 σφι
913 2041 992 2079 οὔτι
1021 2042 1104 2090 περὶ
1130 2043 1256 2090 σφέων
1281 2040 1406 2079 αὐτῶν
1432 2041 1528 2079 οὕτω
1554 2040 1604 2085 ὥς

164 2104 239 2139 τῶν
261 2100 460 2149 Ἑλλήνων.
1388 2100 1389 2106 ’

263 2162 332 2198 Hie
368 2175 462 2209 pono
494 2162 567 2208 ΙΙΙ,
599 2163 658 2198 47.
709 2159 778 2198 οὐκ
814 2159 910 2198 οὕτω
946 2162 1147 2208 τιμωρῆσαι
1185 2159 1393 2213 δεομένοισι
1427 2162 1603 2207 Σαμίοισι

164 2219 427 2268 ἐστρατεύοντο
460 2217 509 2262 ὡς
540 2222 714 2256 τίσασθαι
750 2218 973 2266 βουλόμενοι
1009 2220 1076 2255 τοῦ
1111 2219 1292 2266 κρητῆρος
1325 2223 1389 2265 τῆς
1419 2216 1602 2266 ἆρπαγῆς;

166 2292 249 2316 nam
275 2282 363 2326 puto
390 2280 594 2325 τιμωρῆσαι
620 2279 757 2326 pariter
787 2279 830 2315 ae
862 2279 1033 2314 τίσασθαι
1062 2291 1084 2314 a
1108 2275 1330 2324 βουλόμενοι
1361 2278 1523 2325 pendere.
1565 2276 1604 2314 Si

165 2341 284 2375 autem
321 2339 357 2374 in
394 2338 573 2374 infinitivo
605 2338 810 2385 τιμωρῆσαι
848 2349 972 2373 sensus
1008 2337 1127 2372 finalis
1160 2338 1268 2382 inest,
1301 2337 1369 2372 hoe
1402 2336 1604 2382 exemplum

166 2409 251 2435 sane
278 2397 367 2433 locis
394 2396 468 2442 sub*
488 2396 523 2443 a)
551 2396 669 2432 allatis
697 2396 1002 2432 adnumerandum
1029 2398 1114 2431 erat.

268 2514 295 2551 1)
317 2514 376 2543 Cfr.
398 2513 524 2542 Ksihner
544 2523 573 2551 p.
592 2516 658 2550 995,
675 2517 703 2543 4.
